{"state":0,"message":"查询成功","total":1067,"pageNum":11,"pageNo":1,"pageSize":100,"Tflag":0,"result":[{"name":"快乐8","code":"2026031","date":"2026-01-31(六)","week":"六","red":"08,10,15,22,25,26,35,42,43,45,47,52,56,57,62,63,72,76,78,80","blue":"","blue2":"","sales":"114219280","poolmoney":"100654412.53","addmoney":"","addmoney2":"","fdjxp":"","gdjc":"0.00","gdjxp":"","kjhyjsx":"10,63,80,25,35,78,62,15,47,42,08,45,22,43,52,56,76,26,57,72"},{"name":"快乐8","code":"2026030","date":"2026-01-30(五)","week":"五","red":"02,08,12,13,14,16,23,31,37,39,44,46,50,54,55,59,61,69,70,73","blue":"","blue2":"","sales":"125606394","poolmoney":"110329706.73","addmoney":"","addmoney2":"","fdjxp":"","gdjc":"17989798.52","gdjxp":"","kjhyjsx":"37,59,70,23,54,50,31,14,02,39,46,08,55,73,16,13,69,44,61,12"},{"name":"快乐8","code":"2026029","date":"2026-01-29(四)","week":"四","red":"01,04,11,15,19,27,29,31,33,39,43,45,52,58,65,67,69,73,75,77","blue":"","blue2":"","sales":"113822448","poolmoney":"110393912.71","addmoney":"","addmoney2":"","fdjxp":"","gdjc":"9803319.46","gdjxp":"","kjhyjsx":"04,15,75,33,52,65,39,27,43,67,29,77,31,73,11,45,19,69,01,58"},{"name":"快乐8","code":"2026028","date":"2026-01-28(三)","week":"三","red":"09,11,14,16,17,20,28,30,32,33,46,51,54,57,58,62,66,68,71,74","blue":"","blue2":"","sales":"111344944","poolmoney":"128753214.39","addmoney":"","addmoney2":"","fdjxp":"","gdjc":"47645040.92","gdjxp":"","kjhyjsx":"32,54,33,46,09,71,20,57,74,58,62,17,30,68,51,16,28,11,14,66"},{"name":"快乐8","code":"2026027","date":"2026-01-27(二)","week":"二","red":"01,04,07,14,18,26,28,37,38,49,51,58,61,62,64,67,71,75,76,79","blue":"","blue2":"","sales":"112060746","poolmoney":"124139954.35","addmoney":"","addmoney2":"","fdjxp":"","gdjc":"43905364.88","gdjxp":"","kjhyjsx":"37,04,26,62,18,79,28,67,07,76,58,38,01,14,64,51,75,71,61,49"},{"name":"快乐8","code":"2026026","date":"2026-01-26(一)","week":"一","red":"02,06,14,17,21,22,26,34,35,36,48,51,52,58,60,62,71,73,75,76","blue":"","blue2":"","sales":"114347462","poolmoney":"117082505.05","addmoney":"","addmoney2":"","fdjxp":"","gdjc":"27934679.96","gdjxp":"","kjhyjsx":"51,22,52,71,06,26,62,14,34,17,60,02,76,75,35,73,48,36,21,58"},{"name":"快乐8","code":"2026025","date":"2026-01-25(日)","week":"日","red":"02,03,04,06,08,13,17,20,21,25,26,29,34,40,47,49,51,58,59,69","blue":"","blue2":"","sales":"111237656","poolmoney":"110641587.93","addmoney":"","addmoney2":"","fdjxp":"","gdjc":"10364373.24","gdjxp":"","kjhyjsx":"06,03,21,13,25,59,29,34,40,58,02,17,04,47,51,69,26,49,08,20"},{"name":"快乐8","code":"2026024","date":"2026-01-24(六)","week":"六","red":"03,08,16,19,22,25,28,35,36,37,49,50,52,54,57,58,64,67,71,73","blue":"","blue2":"","sales":"111825334","poolmoney":"109510788.05","addmoney":"","addmoney2":"","fdjxp":"","gdjc":"28917995.20","gdjxp":"","kjhyjsx":"49,19,25,28,08,16,71,73,67,57,64,35,37,03,58,36,22,52,54,50"},{"name":"快乐8","code":"2026023","date":"2026-01-23(五)","week":"五","red":"09,13,17,27,28,31,36,39,42,45,50,55,57,61,67,68,73,74,75,79","blue":"","blue2":"","sales":"124812220","poolmoney":"106425414.93","addmoney":"","addmoney2":"","fdjxp":"","gdjc":"27959233.94","gdjxp":"","kjhyjsx":"17,13,42,74,57,79,67,27,50,31,75,55,45,09,39,36,73,61,68,28"},{"name":"快乐8","code":"2026022","date":"2026-01-22(四)","week":"四","red":"02,09,10,11,15,16,17,18,28,33,35,43,54,55,60,61,63,65,68,73","blue":"","blue2":"","sales":"115101088","poolmoney":"99317908.39","addmoney":"","addmoney2":"","fdjxp":"","gdjc":"10259911.58","gdjxp":"","kjhyjsx":"15,33,11,63,09,02,65,10,60,68,16,43,35,54,18,61,17,28,73,55"},{"name":"快乐8","code":"2026021","date":"2026-01-21(三)","week":"三","red":"04,05,06,09,10,11,14,19,21,31,34,43,45,48,51,53,56,60,65,70","blue":"","blue2":"","sales":"113379812","poolmoney":"97854855.83","addmoney":"","addmoney2":"","fdjxp":"","gdjc":"26231723.48","gdjxp":"","kjhyjsx":"14,04,53,51,65,43,11,34,60,09,10,70,48,45,05,21,19,56,06,31"},{"name":"快乐8","code":"2026020","date":"2026-01-20(二)","week":"二","red":"07,13,18,22,24,30,32,33,37,43,47,48,52,62,63,67,69,73,78,79","blue":"","blue2":"","sales":"109602952","poolmoney":"106347072.91","addmoney":"","addmoney2":"","fdjxp":"","gdjc":"45780280.56","gdjxp":"","kjhyjsx":"69,22,18,13,79,30,52,67,48,73,43,47,63,62,37,07,24,33,78,32"},{"name":"快乐8","code":"2026019","date":"2026-01-19(一)","week":"一","red":"16,20,21,23,24,37,48,51,52,53,54,59,60,62,66,68,75,76,77,78","blue":"","blue2":"","sales":"115565388","poolmoney":"106459817.31","addmoney":"","addmoney2":"","fdjxp":"","gdjc":"40461599.52","gdjxp":"","kjhyjsx":"77,76,48,78,54,52,59,24,75,20,23,68,51,37,53,21,62,60,16,66"},{"name":"快乐8","code":"2026018","date":"2026-01-18(日)","week":"日","red":"11,12,14,15,18,21,22,23,29,32,33,35,40,41,55,65,69,74,75,78","blue":"","blue2":"","sales":"113205548","poolmoney":"102891892.03","addmoney":"","addmoney2":"","fdjxp":"","gdjc":"29948434.64","gdjxp":"","kjhyjsx":"55,21,22,35,75,41,78,23,14,40,74,69,29,65,18,15,12,33,11,32"},{"name":"快乐8","code":"2026017","date":"2026-01-17(六)","week":"六","red":"11,15,28,33,36,37,38,46,47,50,51,52,61,62,63,67,68,71,73,80","blue":"","blue2":"","sales":"112268992","poolmoney":"99324960.73","addmoney":"","addmoney2":"","fdjxp":"","gdjc":"34188550.58","gdjxp":"","kjhyjsx":"62,71,28,63,15,37,33,67,52,50,11,46,47,38,73,36,80,61,51,68"},{"name":"快乐8","code":"2026016","date":"2026-01-16(五)","week":"五","red":"04,19,24,27,28,35,36,38,39,45,50,56,58,59,60,61,64,66,73,78","blue":"","blue2":"","sales":"125789702","poolmoney":"95898125.89","addmoney":"","addmoney2":"","fdjxp":"","gdjc":"45338377.98","gdjxp":"","kjhyjsx":"73,78,04,58,61,27,24,50,60,45,39,56,64,59,66,35,38,28,36,19"},{"name":"快乐8","code":"2026015","date":"2026-01-15(四)","week":"四","red":"02,08,09,11,14,17,18,19,27,29,31,34,36,41,55,60,64,70,72,79","blue":"","blue2":"","sales":"112445640","poolmoney":"103441482.11","addmoney":"","addmoney2":"","fdjxp":"","gdjc":"41581865.62","gdjxp":"","kjhyjsx":"08,60,31,64,72,27,19,36,11,41,02,09,14,70,55,18,79,29,34,17"},{"name":"快乐8","code":"2026014","date":"2026-01-14(三)","week":"三","red":"06,12,13,14,18,24,28,29,30,34,38,43,49,52,59,60,64,74,78,80","blue":"","blue2":"","sales":"109796210","poolmoney":"104392901.51","addmoney":"","addmoney2":"","fdjxp":"","gdjc":"46035685.92","gdjxp":"","kjhyjsx":"14,64,43,74,52,38,18,78,34,60,13,28,59,12,06,30,29,80,24,49"},{"name":"快乐8","code":"2026013","date":"2026-01-13(二)","week":"二","red":"01,05,09,10,11,12,14,15,16,22,28,32,37,41,44,64,72,77,78,80","blue":"","blue2":"","sales":"109808504","poolmoney":"99042449.79","addmoney":"","addmoney2":"","fdjxp":"","gdjc":"48090126.44","gdjxp":"","kjhyjsx":"16,64,01,37,80,14,72,11,12,32,77,22,09,05,41,10,44,15,28,78"},{"name":"快乐8","code":"2026012","date":"2026-01-12(一)","week":"一","red":"04,11,12,15,16,20,21,26,27,28,30,32,33,41,53,60,62,64,65,76","blue":"","blue2":"","sales":"107244650","poolmoney":"101673395.75","addmoney":"","addmoney2":"","fdjxp":"","gdjc":"70422606.70","gdjxp":"","kjhyjsx":"60,65,32,20,26,64,16,04,53,12,27,15,62,21,11,30,41,76,33,28"},{"name":"快乐8","code":"2026011","date":"2026-01-11(日)","week":"日","red":"01,03,12,16,22,25,27,30,32,49,52,56,59,61,62,63,66,68,69,79","blue":"","blue2":"","sales":"105566682","poolmoney":"109731404.97","addmoney":"","addmoney2":"","fdjxp":"","gdjc":"82322809.98","gdjxp":"","kjhyjsx":"30,32,01,79,22,59,62,27,61,03,49,63,16,12,66,52,25,69,68,56"},{"name":"快乐8","code":"2026010","date":"2026-01-10(六)","week":"六","red":"06,07,13,16,19,27,33,37,39,42,43,44,55,59,62,64,65,67,76,80","blue":"","blue2":"","sales":"103779246","poolmoney":"104539707.67","addmoney":"","addmoney2":"","fdjxp":"","gdjc":"87822718.54","gdjxp":"","kjhyjsx":"06,37,42,16,55,59,27,13,19,65,76,62,07,44,33,80,67,39,43,64"},{"name":"快乐8","code":"2026009","date":"2026-01-09(五)","week":"五","red":"03,04,08,17,18,31,34,37,42,46,47,55,56,61,65,70,74,75,76,80","blue":"","blue2":"","sales":"119887518","poolmoney":"144681222.61","addmoney":"","addmoney2":"","fdjxp":"","gdjc":"81472333.88","gdjxp":"","kjhyjsx":"17,34,18,70,03,75,04,74,47,37,61,76,65,80,46,42,56,08,55,31"},{"name":"快乐8","code":"2026008","date":"2026-01-08(四)","week":"四","red":"02,04,15,20,21,23,24,34,47,50,51,52,57,58,60,61,66,71,77,79","blue":"","blue2":"","sales":"108694132","poolmoney":"136526254.53","addmoney":"","addmoney2":"","fdjxp":"","gdjc":"65385579.70","gdjxp":"","kjhyjsx":"21,02,71,77,24,47,15,34,52,61,79,50,04,23,51,58,60,57,20,66"},{"name":"快乐8","code":"2026007","date":"2026-01-07(三)","week":"三","red":"03,13,15,18,20,21,25,32,42,43,45,54,57,62,63,68,72,74,76,80","blue":"","blue2":"","sales":"108991942","poolmoney":"130960970.27","addmoney":"","addmoney2":"","fdjxp":"","gdjc":"59004178.72","gdjxp":"","kjhyjsx":"63,68,76,57,80,03,32,20,25,45,15,54,21,62,42,72,74,43,13,18"},{"name":"快乐8","code":"2026006","date":"2026-01-06(二)","week":"二","red":"03,05,07,09,19,28,30,32,34,38,49,52,56,61,62,66,73,76,78,79","blue":"","blue2":"","sales":"110979390","poolmoney":"130244359.33","addmoney":"","addmoney2":"","fdjxp":"","gdjc":"46217096.22","gdjxp":"","kjhyjsx":"34,66,09,49,61,05,38,62,28,19,79,30,73,52,07,78,56,76,03,32"},{"name":"快乐8","code":"2026005","date":"2026-01-05(一)","week":"一","red":"07,08,09,14,18,21,24,26,33,35,41,43,49,54,56,59,60,63,68,76","blue":"","blue2":"","sales":"111806392","poolmoney":"124010701.17","addmoney":"","addmoney2":"","fdjxp":"","gdjc":"28452385.58","gdjxp":"","kjhyjsx":"09,43,14,68,59,35,07,21,24,54,41,56,76,18,26,33,08,63,60,49"},{"name":"快乐8","code":"2026004","date":"2026-01-04(日)","week":"日","red":"04,05,09,13,16,21,23,24,32,35,37,38,45,50,52,54,55,62,63,64","blue":"","blue2":"","sales":"111574816","poolmoney":"121178356.31","addmoney":"","addmoney2":"","fdjxp":"","gdjc":"31446331.50","gdjxp":"","kjhyjsx":"62,23,54,55,45,38,35,37,64,21,09,24,13,05,52,63,04,32,50,16"},{"name":"快乐8","code":"2026003","date":"2026-01-03(六)","week":"六","red":"02,07,14,16,22,25,28,31,39,42,47,53,54,55,61,68,69,72,73,78","blue":"","blue2":"","sales":"111072092","poolmoney":"116930963.17","addmoney":"","addmoney2":"","fdjxp":"","gdjc":"21919241.02","gdjxp":"","kjhyjsx":"16,42,47,25,78,39,55,72,14,02,07,28,31,73,61,68,53,69,54,22"},{"name":"快乐8","code":"2026002","date":"2026-01-02(五)","week":"五","red":"03,08,10,17,22,24,25,28,39,51,61,62,67,69,70,71,72,73,74,80","blue":"","blue2":"","sales":"116996282","poolmoney":"111407543.55","addmoney":"","addmoney2":"","fdjxp":"","gdjc":"9372134.70","gdjxp":"","kjhyjsx":"08,22,28,67,51,74,69,25,62,61,80,17,70,03,71,73,72,10,39,24"},{"name":"快乐8","code":"2026001","date":"2026-01-01(四)","week":"四","red":"02,05,06,11,24,25,27,32,34,35,39,41,44,51,54,62,70,71,72,75","blue":"","blue2":"","sales":"108613016","poolmoney":"110686972.29","addmoney":"","addmoney2":"","fdjxp":"","gdjc":"21738757.72","gdjxp":"","kjhyjsx":"62,75,39,35,02,27,54,44,24,11,06,51,32,25,05,70,72,41,34,71"},{"name":"快乐8","code":"2025351","date":"2025-12-31(三)","week":"三","red":"05,12,14,17,19,21,24,25,31,32,39,42,46,49,50,52,57,63,68,72","blue":"","blue2":"","sales":"117614658","poolmoney":"105155147.39","addmoney":"","addmoney2":"","fdjxp":"","gdjc":"12536291.50","gdjxp":"","kjhyjsx":"42,63,46,72,19,24,68,50,39,21,52,14,49,05,31,12,32,57,17,25"},{"name":"快乐8","code":"2025350","date":"2025-12-30(二)","week":"二","red":"01,05,06,20,24,30,32,33,35,36,37,38,40,52,55,62,64,70,72,76","blue":"","blue2":"","sales":"114025684","poolmoney":"110677504.01","addmoney":"","addmoney2":"","fdjxp":"","gdjc":"26495959.32","gdjxp":"","kjhyjsx":"52,32,70,72,05,06,24,36,20,40,01,76,38,33,55,30,62,35,64,37"},{"name":"快乐8","code":"2025349","date":"2025-12-29(一)","week":"一","red":"07,08,18,20,22,23,28,40,41,43,45,47,48,51,53,58,64,67,78,80","blue":"","blue2":"","sales":"113702564","poolmoney":"113715717.45","addmoney":"","addmoney2":"","fdjxp":"","gdjc":"","gdjxp":"","kjhyjsx":""},{"name":"快乐8","code":"2025348","date":"2025-12-28(日)","week":"日","red":"02,19,20,22,24,25,30,33,35,39,41,49,53,54,55,60,63,66,75,80","blue":"","blue2":"","sales":"111599440","poolmoney":"109554172.80","addmoney":"","addmoney2":"","fdjxp":"","gdjc":"","gdjxp":"","kjhyjsx":""},{"name":"快乐8","code":"2025347","date":"2025-12-27(六)","week":"六","red":"03,10,11,14,17,20,22,28,34,40,45,46,48,51,55,56,67,71,72,73","blue":"","blue2":"","sales":"111951172","poolmoney":"110200040.85","addmoney":"","addmoney2":"","fdjxp":"","gdjc":"","gdjxp":"","kjhyjsx":""},{"name":"快乐8","code":"2025346","date":"2025-12-26(五)","week":"五","red":"03,06,08,13,14,23,25,26,28,30,33,38,40,41,42,48,51,56,68,69","blue":"","blue2":"","sales":"121996964","poolmoney":"105373003.50","addmoney":"","addmoney2":"","fdjxp":"","gdjc":"","gdjxp":"","kjhyjsx":""},{"name":"快乐8","code":"2025345","date":"2025-12-25(四)","week":"四","red":"06,10,11,12,14,19,30,32,35,38,39,41,43,45,46,48,61,67,76,79","blue":"","blue2":"","sales":"111201168","poolmoney":"106336080.05","addmoney":"","addmoney2":"","fdjxp":"","gdjc":"","gdjxp":"","kjhyjsx":""},{"name":"快乐8","code":"2025344","date":"2025-12-24(三)","week":"三","red":"01,04,06,11,12,20,23,26,30,33,37,40,44,50,52,53,67,68,72,73","blue":"","blue2":"","sales":"115285474","poolmoney":"106647044.05","addmoney":"","addmoney2":"","fdjxp":"","gdjc":"","gdjxp":"","kjhyjsx":""},{"name":"快乐8","code":"2025343","date":"2025-12-23(二)","week":"二","red":"04,11,23,26,29,30,33,35,44,46,49,50,55,56,58,60,62,65,69,80","blue":"","blue2":"","sales":"120863118","poolmoney":"102267092.10","addmoney":"","addmoney2":"","fdjxp":"","gdjc":"","gdjxp":"","kjhyjsx":""},{"name":"快乐8","code":"2025342","date":"2025-12-22(一)","week":"一","red":"05,06,10,22,25,33,41,42,53,55,58,59,60,63,66,70,71,73,77,80","blue":"","blue2":"","sales":"118376702","poolmoney":"97166095.35","addmoney":"","addmoney2":"","fdjxp":"","gdjc":"","gdjxp":"","kjhyjsx":""},{"name":"快乐8","code":"2025341","date":"2025-12-21(日)","week":"日","red":"04,08,09,11,15,19,21,23,24,25,26,37,38,43,45,46,52,63,64,74","blue":"","blue2":"","sales":"116999950","poolmoney":"108538698.80","addmoney":"","addmoney2":"","fdjxp":"","gdjc":"","gdjxp":"","kjhyjsx":""},{"name":"快乐8","code":"2025340","date":"2025-12-20(六)","week":"六","red":"01,09,14,15,16,20,21,24,29,31,40,45,46,47,49,63,65,68,71,74","blue":"","blue2":"","sales":"118583132","poolmoney":"115311950.75","addmoney":"","addmoney2":"","fdjxp":"","gdjc":"","gdjxp":"","kjhyjsx":""},{"name":"快乐8","code":"2025339","date":"2025-12-19(五)","week":"五","red":"03,06,07,09,14,19,25,26,31,32,35,36,37,38,60,62,66,67,68,75","blue":"","blue2":"","sales":"132563350","poolmoney":"110294827.65","addmoney":"","addmoney2":"","fdjxp":"","gdjc":"","gdjxp":"","kjhyjsx":""},{"name":"快乐8","code":"2025338","date":"2025-12-18(四)","week":"四","red":"02,03,09,11,14,25,28,29,34,36,38,39,49,50,58,68,69,71,77,78","blue":"","blue2":"","sales":"122029582","poolmoney":"105149220.60","addmoney":"","addmoney2":"","fdjxp":"","gdjc":"","gdjxp":"","kjhyjsx":""},{"name":"快乐8","code":"2025337","date":"2025-12-17(三)","week":"三","red":"03,06,08,10,16,20,28,32,33,43,46,48,49,53,60,68,69,76,77,78","blue":"","blue2":"","sales":"121072228","poolmoney":"100760463.75","addmoney":"","addmoney2":"","fdjxp":"","gdjc":"","gdjxp":"","kjhyjsx":""},{"name":"快乐8","code":"2025336","date":"2025-12-16(二)","week":"二","red":"01,06,08,10,11,13,20,26,27,29,41,43,54,55,59,61,62,71,76,80","blue":"","blue2":"","sales":"118984190","poolmoney":"101110722.50","addmoney":"","addmoney2":"","fdjxp":"","gdjc":"","gdjxp":"","kjhyjsx":""},{"name":"快乐8","code":"2025335","date":"2025-12-15(一)","week":"一","red":"02,05,13,14,16,17,27,34,39,45,48,50,55,57,58,60,74,76,78,79","blue":"","blue2":"","sales":"114603142","poolmoney":"108646396.55","addmoney":"","addmoney2":"","fdjxp":"","gdjc":"","gdjxp":"","kjhyjsx":""},{"name":"快乐8","code":"2025334","date":"2025-12-14(日)","week":"日","red":"02,03,08,16,18,24,30,32,33,35,36,42,49,54,63,64,72,74,77,78","blue":"","blue2":"","sales":"113618560","poolmoney":"109100751.65","addmoney":"","addmoney2":"","fdjxp":"","gdjc":"","gdjxp":"","kjhyjsx":""},{"name":"快乐8","code":"2025333","date":"2025-12-13(六)","week":"六","red":"04,09,11,16,19,20,22,24,28,32,33,37,38,41,46,49,66,71,72,74","blue":"","blue2":"","sales":"115355508","poolmoney":"109090649.25","addmoney":"","addmoney2":"","fdjxp":"","gdjc":"","gdjxp":"","kjhyjsx":""},{"name":"快乐8","code":"2025332","date":"2025-12-12(五)","week":"五","red":"02,05,06,08,10,16,26,27,35,40,48,49,54,56,57,58,61,72,73,79","blue":"","blue2":"","sales":"125341688","poolmoney":"110344165.55","addmoney":"","addmoney2":"","fdjxp":"","gdjc":"","gdjxp":"","kjhyjsx":""},{"name":"快乐8","code":"2025331","date":"2025-12-11(四)","week":"四","red":"05,06,07,08,14,18,22,23,25,31,40,52,59,63,71,72,73,76,77,79","blue":"","blue2":"","sales":"116931090","poolmoney":"109771123.10","addmoney":"","addmoney2":"","fdjxp":"","gdjc":"","gdjxp":"","kjhyjsx":""},{"name":"快乐8","code":"2025330","date":"2025-12-10(三)","week":"三","red":"11,16,17,27,30,31,33,34,37,38,39,44,50,55,58,61,63,70,71,74","blue":"","blue2":"","sales":"119325528","poolmoney":"110686693.65","addmoney":"","addmoney2":"","fdjxp":"","gdjc":"","gdjxp":"","kjhyjsx":""},{"name":"快乐8","code":"2025329","date":"2025-12-09(二)","week":"二","red":"02,04,10,11,15,17,18,23,26,27,30,33,41,48,52,54,55,59,60,69","blue":"","blue2":"","sales":"117590920","poolmoney":"105451998.60","addmoney":"","addmoney2":"","fdjxp":"","gdjc":"","gdjxp":"","kjhyjsx":""},{"name":"快乐8","code":"2025328","date":"2025-12-08(一)","week":"一","red":"01,04,06,10,13,27,28,31,38,48,53,58,60,61,68,71,73,74,77,79","blue":"","blue2":"","sales":"119407278","poolmoney":"101468558.45","addmoney":"","addmoney2":"","fdjxp":"","gdjc":"","gdjxp":"","kjhyjsx":""},{"name":"快乐8","code":"2025327","date":"2025-12-07(日)","week":"日","red":"06,07,10,15,16,17,19,21,22,25,27,35,36,40,44,45,47,56,62,74","blue":"","blue2":"","sales":"114405218","poolmoney":"96426679.60","addmoney":"","addmoney2":"","fdjxp":"","gdjc":"","gdjxp":"","kjhyjsx":""},{"name":"快乐8","code":"2025326","date":"2025-12-06(六)","week":"六","red":"07,17,22,24,27,28,37,41,42,49,51,53,57,58,69,73,76,77,79,80","blue":"","blue2":"","sales":"115857864","poolmoney":"98816344.75","addmoney":"","addmoney2":"","fdjxp":"","gdjc":"","gdjxp":"","kjhyjsx":""},{"name":"快乐8","code":"2025325","date":"2025-12-05(五)","week":"五","red":"05,08,10,15,16,17,19,22,26,34,37,41,47,55,57,62,63,65,67,75","blue":"","blue2":"","sales":"125104738","poolmoney":"99246680.45","addmoney":"","addmoney2":"","fdjxp":"","gdjc":"","gdjxp":"","kjhyjsx":""},{"name":"快乐8","code":"2025324","date":"2025-12-04(四)","week":"四","red":"09,13,20,26,28,32,39,42,43,46,47,49,50,60,61,62,63,64,66,79","blue":"","blue2":"","sales":"115617374","poolmoney":"99414561.95","addmoney":"","addmoney2":"","fdjxp":"","gdjc":"","gdjxp":"","kjhyjsx":""},{"name":"快乐8","code":"2025323","date":"2025-12-03(三)","week":"三","red":"01,13,18,19,22,24,35,40,44,45,50,51,53,54,57,63,69,71,73,75","blue":"","blue2":"","sales":"118885452","poolmoney":"95087670.95","addmoney":"","addmoney2":"","fdjxp":"","gdjc":"","gdjxp":"","kjhyjsx":""},{"name":"快乐8","code":"2025322","date":"2025-12-02(二)","week":"二","red":"01,05,06,10,11,17,22,25,28,34,36,39,41,47,57,62,65,71,73,76","blue":"","blue2":"","sales":"117337792","poolmoney":"90129650.95","addmoney":"","addmoney2":"","fdjxp":"","gdjc":"","gdjxp":"","kjhyjsx":""},{"name":"快乐8","code":"2025321","date":"2025-12-01(一)","week":"一","red":"07,13,14,15,16,18,19,33,35,40,48,52,54,66,69,71,72,74,75,76","blue":"","blue2":"","sales":"121296652","poolmoney":"95805425.90","addmoney":"","addmoney2":"","fdjxp":"","gdjc":"","gdjxp":"","kjhyjsx":""},{"name":"快乐8","code":"2025320","date":"2025-11-30(日)","week":"日","red":"01,03,08,12,16,17,20,22,25,27,30,32,46,48,52,53,55,62,65,78","blue":"","blue2":"","sales":"117893630","poolmoney":"91401426.05","addmoney":"","addmoney2":"","fdjxp":"","gdjc":"","gdjxp":"","kjhyjsx":""},{"name":"快乐8","code":"2025319","date":"2025-11-29(六)","week":"六","red":"02,07,08,10,11,21,26,27,28,29,39,46,48,59,61,62,74,77,78,79","blue":"","blue2":"","sales":"116599132","poolmoney":"87001650.75","addmoney":"","addmoney2":"","fdjxp":"","gdjc":"","gdjxp":"","kjhyjsx":""},{"name":"快乐8","code":"2025318","date":"2025-11-28(五)","week":"五","red":"01,04,15,17,26,27,30,31,36,37,40,41,47,53,54,62,66,74,75,78","blue":"","blue2":"","sales":"129163042","poolmoney":"98915945.10","addmoney":"","addmoney2":"","fdjxp":"","gdjc":"","gdjxp":"","kjhyjsx":""},{"name":"快乐8","code":"2025317","date":"2025-11-27(四)","week":"四","red":"01,09,10,14,17,21,29,31,36,38,41,44,55,56,58,62,67,68,74,79","blue":"","blue2":"","sales":"115544896","poolmoney":"97389922.65","addmoney":"","addmoney2":"","fdjxp":"","gdjc":"","gdjxp":"","kjhyjsx":""},{"name":"快乐8","code":"2025316","date":"2025-11-26(三)","week":"三","red":"06,09,16,17,18,20,28,31,33,42,53,54,55,57,60,62,65,67,72,75","blue":"","blue2":"","sales":"116806710","poolmoney":"92802924.60","addmoney":"","addmoney2":"","fdjxp":"","gdjc":"","gdjxp":"","kjhyjsx":""},{"name":"快乐8","code":"2025315","date":"2025-11-25(二)","week":"二","red":"03,06,08,09,10,14,15,19,23,26,38,40,47,58,61,68,69,74,75,80","blue":"","blue2":"","sales":"113434990","poolmoney":"98457029.95","addmoney":"","addmoney2":"","fdjxp":"","gdjc":"","gdjxp":"","kjhyjsx":""},{"name":"快乐8","code":"2025314","date":"2025-11-24(一)","week":"一","red":"05,14,15,16,39,40,41,43,44,48,49,53,57,58,60,63,73,76,79,80","blue":"","blue2":"","sales":"116513896","poolmoney":"95446427.30","addmoney":"","addmoney2":"","fdjxp":"","gdjc":"","gdjxp":"","kjhyjsx":""},{"name":"快乐8","code":"2025313","date":"2025-11-23(日)","week":"日","red":"01,07,22,23,28,29,31,37,43,49,53,55,57,63,64,69,73,76,79,80","blue":"","blue2":"","sales":"117380234","poolmoney":"95689182.15","addmoney":"","addmoney2":"","fdjxp":"","gdjc":"","gdjxp":"","kjhyjsx":""},{"name":"快乐8","code":"2025312","date":"2025-11-22(六)","week":"六","red":"03,07,16,17,18,19,23,24,26,29,30,37,43,48,57,62,67,72,79,80","blue":"","blue2":"","sales":"118311060","poolmoney":"95384891.80","addmoney":"","addmoney2":"","fdjxp":"","gdjc":"","gdjxp":"","kjhyjsx":""},{"name":"快乐8","code":"2025311","date":"2025-11-21(五)","week":"五","red":"02,04,15,19,23,24,29,34,37,43,44,55,56,60,62,66,70,73,77,79","blue":"","blue2":"","sales":"128320228","poolmoney":"96181202.70","addmoney":"","addmoney2":"","fdjxp":"","gdjc":"","gdjxp":"","kjhyjsx":""},{"name":"快乐8","code":"2025310","date":"2025-11-20(四)","week":"四","red":"01,06,07,11,14,15,18,28,30,31,35,48,55,59,61,65,67,69,70,76","blue":"","blue2":"","sales":"114068172","poolmoney":"121194398.50","addmoney":"","addmoney2":"","fdjxp":"","gdjc":"","gdjxp":"","kjhyjsx":""},{"name":"快乐8","code":"2025309","date":"2025-11-19(三)","week":"三","red":"09,19,20,21,23,30,38,39,40,41,44,48,53,54,58,60,61,65,68,72","blue":"","blue2":"","sales":"110984402","poolmoney":"116557500.10","addmoney":"","addmoney2":"","fdjxp":"","gdjc":"","gdjxp":"","kjhyjsx":""},{"name":"快乐8","code":"2025308","date":"2025-11-18(二)","week":"二","red":"05,07,08,11,16,17,21,25,29,36,37,39,41,42,46,53,59,62,75,77","blue":"","blue2":"","sales":"107304184","poolmoney":"134590671.00","addmoney":"","addmoney2":"","fdjxp":"","gdjc":"","gdjxp":"","kjhyjsx":""},{"name":"快乐8","code":"2025307","date":"2025-11-17(一)","week":"一","red":"03,06,12,13,14,16,26,27,41,42,45,49,52,55,63,66,72,75,79,80","blue":"","blue2":"","sales":"109699692","poolmoney":"136137051.35","addmoney":"","addmoney2":"","fdjxp":"","gdjc":"","gdjxp":"","kjhyjsx":""},{"name":"快乐8","code":"2025306","date":"2025-11-16(日)","week":"日","red":"03,06,07,14,17,20,21,31,32,36,44,47,48,51,52,55,61,70,76,77","blue":"","blue2":"","sales":"108890928","poolmoney":"137439429.10","addmoney":"","addmoney2":"","fdjxp":"","gdjc":"","gdjxp":"","kjhyjsx":""},{"name":"快乐8","code":"2025305","date":"2025-11-15(六)","week":"六","red":"01,08,09,10,15,18,21,27,32,40,41,43,46,47,50,54,56,60,67,74","blue":"","blue2":"","sales":"108855342","poolmoney":"133914803.65","addmoney":"","addmoney2":"","fdjxp":"","gdjc":"","gdjxp":"","kjhyjsx":""},{"name":"快乐8","code":"2025304","date":"2025-11-14(五)","week":"五","red":"01,06,17,19,21,30,31,32,33,35,42,49,50,52,59,65,66,68,75,78","blue":"","blue2":"","sales":"122067414","poolmoney":"129671899.70","addmoney":"","addmoney2":"","fdjxp":"","gdjc":"","gdjxp":"","kjhyjsx":""},{"name":"快乐8","code":"2025303","date":"2025-11-13(四)","week":"四","red":"01,02,10,11,15,25,33,43,44,50,52,54,55,56,57,60,62,69,74,78","blue":"","blue2":"","sales":"113211166","poolmoney":"123653956.70","addmoney":"","addmoney2":"","fdjxp":"","gdjc":"","gdjxp":"","kjhyjsx":""},{"name":"快乐8","code":"2025302","date":"2025-11-12(三)","week":"三","red":"01,02,08,12,14,15,24,26,27,40,43,53,59,62,65,66,68,74,77,80","blue":"","blue2":"","sales":"113932288","poolmoney":"118935163.50","addmoney":"","addmoney2":"","fdjxp":"","gdjc":"","gdjxp":"","kjhyjsx":""},{"name":"快乐8","code":"2025301","date":"2025-11-11(二)","week":"二","red":"08,09,11,13,14,18,21,30,33,34,40,44,46,51,58,62,65,67,77,78","blue":"","blue2":"","sales":"113623738","poolmoney":"114827522.20","addmoney":"","addmoney2":"","fdjxp":"","gdjc":"","gdjxp":"","kjhyjsx":""},{"name":"快乐8","code":"2025300","date":"2025-11-10(一)","week":"一","red":"04,11,20,26,29,35,37,39,47,54,55,59,63,64,65,67,70,71,72,74","blue":"","blue2":"","sales":"113429794","poolmoney":"115905453.80","addmoney":"","addmoney2":"","fdjxp":"","gdjc":"","gdjxp":"","kjhyjsx":""},{"name":"快乐8","code":"2025299","date":"2025-11-09(日)","week":"日","red":"09,10,11,19,23,25,39,41,45,51,53,54,59,60,63,65,68,69,70,75","blue":"","blue2":"","sales":"109736462","poolmoney":"111440186.70","addmoney":"","addmoney2":"","fdjxp":"","gdjc":"","gdjxp":"","kjhyjsx":""},{"name":"快乐8","code":"2025298","date":"2025-11-08(六)","week":"六","red":"03,05,08,13,15,19,20,25,26,27,28,30,33,34,37,45,47,67,69,77","blue":"","blue2":"","sales":"109316706","poolmoney":"112865304.90","addmoney":"","addmoney2":"","fdjxp":"","gdjc":"","gdjxp":"","kjhyjsx":""},{"name":"快乐8","code":"2025297","date":"2025-11-07(五)","week":"五","red":"04,08,09,11,14,19,36,40,42,48,49,52,56,59,66,68,69,73,76,79","blue":"","blue2":"","sales":"119480726","poolmoney":"137725789.80","addmoney":"","addmoney2":"","fdjxp":"","gdjc":"","gdjxp":"","kjhyjsx":""},{"name":"快乐8","code":"2025296","date":"2025-11-06(四)","week":"四","red":"07,09,11,14,23,26,31,32,36,37,42,43,48,52,53,54,55,58,64,68","blue":"","blue2":"","sales":"109801248","poolmoney":"142644526.15","addmoney":"","addmoney2":"","fdjxp":"","gdjc":"","gdjxp":"","kjhyjsx":""},{"name":"快乐8","code":"2025295","date":"2025-11-05(三)","week":"三","red":"02,07,12,13,21,22,23,24,26,34,38,43,53,57,67,69,71,72,77,80","blue":"","blue2":"","sales":"111659370","poolmoney":"138910340.30","addmoney":"","addmoney2":"","fdjxp":"","gdjc":"","gdjxp":"","kjhyjsx":""},{"name":"快乐8","code":"2025294","date":"2025-11-04(二)","week":"二","red":"01,02,08,15,21,22,24,26,27,30,38,41,43,45,46,50,61,62,70,78","blue":"","blue2":"","sales":"109961600","poolmoney":"139830275.60","addmoney":"","addmoney2":"","fdjxp":"","gdjc":"","gdjxp":"","kjhyjsx":""},{"name":"快乐8","code":"2025293","date":"2025-11-03(一)","week":"一","red":"05,07,17,19,23,34,35,37,38,41,46,53,56,63,65,66,67,69,71,79","blue":"","blue2":"","sales":"109391790","poolmoney":"135648595.95","addmoney":"","addmoney2":"","fdjxp":"","gdjc":"","gdjxp":"","kjhyjsx":""},{"name":"快乐8","code":"2025292","date":"2025-11-02(日)","week":"日","red":"01,02,03,10,11,15,16,25,38,40,43,47,50,52,57,62,64,71,78,80","blue":"","blue2":"","sales":"111004718","poolmoney":"136736557.65","addmoney":"","addmoney2":"","fdjxp":"","gdjc":"","gdjxp":"","kjhyjsx":""},{"name":"快乐8","code":"2025291","date":"2025-11-01(六)","week":"六","red":"04,07,11,17,20,22,27,29,32,34,37,48,55,64,68,69,71,73,74,78","blue":"","blue2":"","sales":"109270634","poolmoney":"132557177.85","addmoney":"","addmoney2":"","fdjxp":"","gdjc":"","gdjxp":"","kjhyjsx":""},{"name":"快乐8","code":"2025290","date":"2025-10-31(五)","week":"五","red":"08,09,10,19,20,25,26,30,32,35,40,41,45,47,49,51,54,65,68,75","blue":"","blue2":"","sales":"122066788","poolmoney":"128122109.50","addmoney":"","addmoney2":"","fdjxp":"","gdjc":"","gdjxp":"","kjhyjsx":""},{"name":"快乐8","code":"2025289","date":"2025-10-30(四)","week":"四","red":"03,06,07,10,11,13,14,15,31,35,40,41,43,45,55,57,66,72,73,75","blue":"","blue2":"","sales":"108224590","poolmoney":"128719089.65","addmoney":"","addmoney2":"","fdjxp":"","gdjc":"","gdjxp":"","kjhyjsx":""},{"name":"快乐8","code":"2025288","date":"2025-10-29(三)","week":"三","red":"04,11,15,16,22,32,37,46,47,49,51,53,54,55,60,62,70,72,73,74","blue":"","blue2":"","sales":"110215380","poolmoney":"129945073.20","addmoney":"","addmoney2":"","fdjxp":"","gdjc":"","gdjxp":"","kjhyjsx":""},{"name":"快乐8","code":"2025287","date":"2025-10-28(二)","week":"二","red":"01,06,17,18,21,22,23,24,31,32,40,43,48,49,52,57,58,60,68,79","blue":"","blue2":"","sales":"108976656","poolmoney":"130397118.10","addmoney":"","addmoney2":"","fdjxp":"","gdjc":"","gdjxp":"","kjhyjsx":""},{"name":"快乐8","code":"2025286","date":"2025-10-27(一)","week":"一","red":"06,12,14,16,22,24,25,34,38,39,41,42,43,54,57,58,61,62,68,74","blue":"","blue2":"","sales":"108293438","poolmoney":"131382913.90","addmoney":"","addmoney2":"","fdjxp":"","gdjc":"","gdjxp":"","kjhyjsx":""},{"name":"快乐8","code":"2025285","date":"2025-10-26(日)","week":"日","red":"05,06,07,09,11,19,24,27,28,29,38,39,41,45,46,63,67,68,73,80","blue":"","blue2":"","sales":"105783806","poolmoney":"133180294.00","addmoney":"","addmoney2":"","fdjxp":"","gdjc":"","gdjxp":"","kjhyjsx":""},{"name":"快乐8","code":"2025284","date":"2025-10-25(六)","week":"六","red":"10,11,14,19,20,26,29,30,35,37,40,41,45,46,59,68,70,77,78,80","blue":"","blue2":"","sales":"104150502","poolmoney":"130442511.80","addmoney":"","addmoney2":"","fdjxp":"","gdjc":"","gdjxp":"","kjhyjsx":""},{"name":"快乐8","code":"2025283","date":"2025-10-24(五)","week":"五","red":"02,04,13,19,20,23,29,31,37,40,47,52,53,54,55,63,64,65,68,69","blue":"","blue2":"","sales":"117091230","poolmoney":"126725205.25","addmoney":"","addmoney2":"","fdjxp":"","gdjc":"","gdjxp":"","kjhyjsx":""}]}