{"state":0,"message":"查询成功","total":1969,"pageNum":20,"pageNo":1,"pageSize":100,"Tflag":0,"result":[{"name":"双色球","code":"2026011","detailsLink":"/c/2026/01/25/643075.shtml","videoLink":"/c/2026/01/25/643079.shtml","date":"2026-01-25(日)","week":"日","red":"02,03,04,20,31,32","blue":"04","blue2":"","sales":"394441490","poolmoney":"2925771107","content":"江苏1注，广东1注，广西1注，共3注。","addmoney":"","addmoney2":"","msg":"","z2add":"","m2add":"","prizegrades":[{"type":1,"typenum":"3","typemoney":"10000000"},{"type":2,"typenum":"77","typemoney":"388911"},{"type":3,"typenum":"1121","typemoney":"3000"},{"type":4,"typenum":"56163","typemoney":"200"},{"type":5,"typenum":"1151825","typemoney":"10"},{"type":6,"typenum":"9475525","typemoney":"5"},{"type":7,"typenum":"","typemoney":""}]},{"name":"双色球","code":"2026010","detailsLink":"/c/2026/01/22/642856.shtml","videoLink":"/c/2026/01/22/642860.shtml","date":"2026-01-22(四)","week":"四","red":"04,09,10,15,19,26","blue":"12","blue2":"","sales":"358486254","poolmoney":"2865932466","content":"山西2注，辽宁4注，黑龙江1注，浙江2注，福建1注，山东1注，广东1注，云南2注，甘肃2注，宁夏1注，新疆2注，共19注。","addmoney":"","addmoney2":"","msg":"","z2add":"","m2add":"","prizegrades":[{"type":1,"typenum":"19","typemoney":"5702151"},{"type":2,"typenum":"223","typemoney":"74780"},{"type":3,"typenum":"6037","typemoney":"3000"},{"type":4,"typenum":"119377","typemoney":"200"},{"type":5,"typenum":"1868556","typemoney":"10"},{"type":6,"typenum":"9656381","typemoney":"5"},{"type":7,"typenum":"","typemoney":""}]},{"name":"双色球","code":"2026009","detailsLink":"/c/2026/01/20/642442.shtml","videoLink":"/c/2026/01/20/642446.shtml","date":"2026-01-20(二)","week":"二","red":"03,06,13,19,23,25","blue":"10","blue2":"","sales":"347159860","poolmoney":"2924245047","content":"河北1注，山西1注，内蒙古2注，山东1注，广西1注，四川1注，贵州1注，宁夏1注，共9注。","addmoney":"","addmoney2":"","msg":"","z2add":"","m2add":"","prizegrades":[{"type":1,"typenum":"9","typemoney":"6911676"},{"type":2,"typenum":"276","typemoney":"77921"},{"type":3,"typenum":"2291","typemoney":"3000"},{"type":4,"typenum":"98381","typemoney":"200"},{"type":5,"typenum":"1549642","typemoney":"10"},{"type":6,"typenum":"8407453","typemoney":"5"},{"type":7,"typenum":"","typemoney":""}]},{"name":"双色球","code":"2026008","detailsLink":"/c/2026/01/18/642228.shtml","videoLink":"/c/2026/01/18/642232.shtml","date":"2026-01-18(日)","week":"日","red":"06,09,16,27,31,33","blue":"10","blue2":"","sales":"388652642","poolmoney":"2921931052","content":"河北2注，重庆1注，湖北1注，湖南1注，宁夏1注，共6注。","addmoney":"","addmoney2":"","msg":"","z2add":"","m2add":"","prizegrades":[{"type":1,"typenum":"6","typemoney":"8725252"},{"type":2,"typenum":"107","typemoney":"261115"},{"type":3,"typenum":"1272","typemoney":"3000"},{"type":4,"typenum":"70493","typemoney":"200"},{"type":5,"typenum":"1403571","typemoney":"10"},{"type":6,"typenum":"9346383","typemoney":"5"},{"type":7,"typenum":"","typemoney":""}]},{"name":"双色球","code":"2026007","detailsLink":"/c/2026/01/15/642009.shtml","videoLink":"/c/2026/01/15/642013.shtml","date":"2026-01-15(四)","week":"四","red":"09,13,19,27,29,30","blue":"01","blue2":"","sales":"360236814","poolmoney":"2890464389","content":"辽宁1注，黑龙江1注，浙江1注，安徽1注，河南1注，湖南1注，陕西1注，共7注。","addmoney":"","addmoney2":"","msg":"","z2add":"","m2add":"","prizegrades":[{"type":1,"typenum":"7","typemoney":"7349262"},{"type":2,"typenum":"149","typemoney":"137960"},{"type":3,"typenum":"1663","typemoney":"3000"},{"type":4,"typenum":"91655","typemoney":"200"},{"type":5,"typenum":"1684901","typemoney":"10"},{"type":6,"typenum":"10824567","typemoney":"5"},{"type":7,"typenum":"","typemoney":""}]},{"name":"双色球","code":"2026006","detailsLink":"/c/2026/01/13/641295.shtml","videoLink":"/c/2026/01/13/641299.shtml","date":"2026-01-13(二)","week":"二","red":"02,06,22,23,24,28","blue":"15","blue2":"","sales":"352228044","poolmoney":"2880241083","content":"山东2注，共2注。","addmoney":"","addmoney2":"","msg":"","z2add":"","m2add":"","prizegrades":[{"type":1,"typenum":"2","typemoney":"10000000"},{"type":2,"typenum":"147","typemoney":"178496"},{"type":3,"typenum":"1153","typemoney":"3000"},{"type":4,"typenum":"68159","typemoney":"200"},{"type":5,"typenum":"1347562","typemoney":"10"},{"type":6,"typenum":"7413886","typemoney":"5"},{"type":7,"typenum":"","typemoney":""}]},{"name":"双色球","code":"2026005","detailsLink":"/c/2026/01/11/640981.shtml","videoLink":"/c/2026/01/11/640984.shtml","date":"2026-01-11(日)","week":"日","red":"01,20,22,27,30,33","blue":"10","blue2":"","sales":"387903486","poolmoney":"2821524165","content":"浙江1注，重庆1注，广东1注，云南1注，共4注。","addmoney":"","addmoney2":"","msg":"","z2add":"","m2add":"","prizegrades":[{"type":1,"typenum":"4","typemoney":"10000000"},{"type":2,"typenum":"66","typemoney":"400264"},{"type":3,"typenum":"1181","typemoney":"3000"},{"type":4,"typenum":"60182","typemoney":"200"},{"type":5,"typenum":"1198076","typemoney":"10"},{"type":6,"typenum":"11368542","typemoney":"5"},{"type":7,"typenum":"","typemoney":""}]},{"name":"双色球","code":"2026004","detailsLink":"/c/2026/01/08/640762.shtml","videoLink":"/c/2026/01/08/640766.shtml","date":"2026-01-08(四)","week":"四","red":"03,07,08,09,18,32","blue":"10","blue2":"","sales":"361167416","poolmoney":"2782271788","content":"浙江2注，湖南1注，新疆1注，共4注。","addmoney":"","addmoney2":"","msg":"","z2add":"","m2add":"","prizegrades":[{"type":1,"typenum":"4","typemoney":"8704419"},{"type":2,"typenum":"128","typemoney":"144703"},{"type":3,"typenum":"1988","typemoney":"3000"},{"type":4,"typenum":"104550","typemoney":"200"},{"type":5,"typenum":"1818555","typemoney":"10"},{"type":6,"typenum":"11564820","typemoney":"5"},{"type":7,"typenum":"","typemoney":""}]},{"name":"双色球","code":"2026003","detailsLink":"/c/2026/01/06/640648.shtml","videoLink":"/c/2026/01/06/640652.shtml","date":"2026-01-06(二)","week":"二","red":"05,06,09,21,28,30","blue":"16","blue2":"","sales":"352267432","poolmoney":"2761523177","content":"重庆1注，四川1注，甘肃1注，共3注。","addmoney":"","addmoney2":"","msg":"","z2add":"","m2add":"","prizegrades":[{"type":1,"typenum":"3","typemoney":"10000000"},{"type":2,"typenum":"130","typemoney":"190247"},{"type":3,"typenum":"1045","typemoney":"3000"},{"type":4,"typenum":"65427","typemoney":"200"},{"type":5,"typenum":"1295963","typemoney":"10"},{"type":6,"typenum":"8900442","typemoney":"5"},{"type":7,"typenum":"","typemoney":""}]},{"name":"双色球","code":"2026002","detailsLink":"/c/2026/01/04/640434.shtml","videoLink":"/c/2026/01/04/640436.shtml","date":"2026-01-04(日)","week":"日","red":"01,05,07,18,30,32","blue":"02","blue2":"","sales":"377330734","poolmoney":"2717326577","content":"上海2注，江苏1注，浙江1注，福建1注，山东1注，河南1注，湖北2注，广东2注，甘肃1注，共12注。","addmoney":"","addmoney2":"","msg":"","z2add":"","m2add":"","prizegrades":[{"type":1,"typenum":"12","typemoney":"6797096"},{"type":2,"typenum":"119","typemoney":"226524"},{"type":3,"typenum":"1392","typemoney":"3000"},{"type":4,"typenum":"76551","typemoney":"200"},{"type":5,"typenum":"1548629","typemoney":"10"},{"type":6,"typenum":"8418758","typemoney":"5"},{"type":7,"typenum":"","typemoney":""}]},{"name":"双色球","code":"2026001","detailsLink":"/c/2026/01/01/640315.shtml","videoLink":"/c/2026/01/01/640319.shtml","date":"2026-01-01(四)","week":"四","red":"02,06,11,12,13,33","blue":"15","blue2":"","sales":"348080190","poolmoney":"2718022399","content":"河北1注，上海2注，江苏1注，共4注。","addmoney":"","addmoney2":"","msg":"","z2add":"","m2add":"","prizegrades":[{"type":1,"typenum":"4","typemoney":"9520395"},{"type":2,"typenum":"154","typemoney":"146766"},{"type":3,"typenum":"1440","typemoney":"3000"},{"type":4,"typenum":"69624","typemoney":"200"},{"type":5,"typenum":"1298354","typemoney":"10"},{"type":6,"typenum":"9784609","typemoney":"5"},{"type":7,"typenum":"","typemoney":""}]},{"name":"双色球","code":"2025151","detailsLink":"/c/2025/12/30/640201.shtml","videoLink":"/c/2025/12/30/640203.shtml","date":"2025-12-30(二)","week":"二","red":"08,09,14,22,28,30","blue":"04","blue2":"","sales":"369383528","poolmoney":"2688298050","content":"内蒙古1注，辽宁1注，上海1注，安徽1注，河南1注，新疆1注，共6注。","addmoney":"","addmoney2":"","msg":"","z2add":"","m2add":"","prizegrades":[{"type":1,"typenum":"6","typemoney":"7732391"},{"type":2,"typenum":"125","typemoney":"163943"},{"type":3,"typenum":"1895","typemoney":"3000"},{"type":4,"typenum":"86417","typemoney":"200"},{"type":5,"typenum":"1586463","typemoney":"10"},{"type":6,"typenum":"12038628","typemoney":"5"},{"type":7,"typenum":"","typemoney":""}]},{"name":"双色球","code":"2025150","detailsLink":"/c/2025/12/28/639987.shtml","videoLink":"/c/2025/12/28/639991.shtml","date":"2025-12-28(日)","week":"日","red":"06,13,17,19,24,31","blue":"08","blue2":"","sales":"388447078","poolmoney":"2673213583","content":"浙江2注，安徽1注，福建1注，广西1注，云南2注，共7注。","addmoney":"","addmoney2":"","msg":"","z2add":"","m2add":"","prizegrades":[{"type":1,"typenum":"7","typemoney":"7756937"},{"type":2,"typenum":"208","typemoney":"115976"},{"type":3,"typenum":"1622","typemoney":"3000"},{"type":4,"typenum":"86807","typemoney":"200"},{"type":5,"typenum":"1551399","typemoney":"10"},{"type":6,"typenum":"11220972","typemoney":"5"},{"type":7,"typenum":"","typemoney":""}]},{"name":"双色球","code":"2025149","detailsLink":"/c/2025/12/25/639868.shtml","videoLink":"/c/2025/12/25/639871.shtml","date":"2025-12-25(四)","week":"四","red":"01,02,04,06,22,30","blue":"10","blue2":"","sales":"355328424","poolmoney":"2655142533","content":"北京1注，河北6注，辽宁1注，浙江1注，安徽1注，山东2注，云南1注，共13注。","addmoney":"","addmoney2":"","msg":"","z2add":"","m2add":"","prizegrades":[{"type":1,"typenum":"13","typemoney":"6418616"},{"type":2,"typenum":"130","typemoney":"177327"},{"type":3,"typenum":"1280","typemoney":"3000"},{"type":4,"typenum":"68720","typemoney":"200"},{"type":5,"typenum":"1336474","typemoney":"10"},{"type":6,"typenum":"10190425","typemoney":"5"},{"type":7,"typenum":"","typemoney":""}]},{"name":"双色球","code":"2025148","detailsLink":"/c/2025/12/23/639654.shtml","videoLink":"/c/2025/12/23/639658.shtml","date":"2025-12-23(二)","week":"二","red":"03,04,09,10,15,22","blue":"16","blue2":"","sales":"353582370","poolmoney":"2669426999","content":"北京1注，河北2注，山西1注，辽宁1注，上海2注，江苏1注，共8注。","addmoney":"","addmoney2":"","msg":"","z2add":"","m2add":"","prizegrades":[{"type":1,"typenum":"8","typemoney":"7480485"},{"type":2,"typenum":"139","typemoney":"178452"},{"type":3,"typenum":"1239","typemoney":"3000"},{"type":4,"typenum":"71531","typemoney":"200"},{"type":5,"typenum":"1395510","typemoney":"10"},{"type":6,"typenum":"8411527","typemoney":"5"},{"type":7,"typenum":"","typemoney":""}]},{"name":"双色球","code":"2025147","detailsLink":"/c/2025/12/21/639440.shtml","videoLink":"/c/2025/12/21/639444.shtml","date":"2025-12-21(日)","week":"日","red":"01,03,05,08,22,33","blue":"08","blue2":"","sales":"392695744","poolmoney":"2654856315","content":"山西1注，内蒙古2注，江苏1注，福建3注，江西10注，山东1注，广东1注，四川1注，贵州1注，共21注。","addmoney":"","addmoney2":"","msg":"","z2add":"","m2add":"","prizegrades":[{"type":1,"typenum":"21","typemoney":"5719540"},{"type":2,"typenum":"118","typemoney":"160067"},{"type":3,"typenum":"2089","typemoney":"3000"},{"type":4,"typenum":"96407","typemoney":"200"},{"type":5,"typenum":"1636309","typemoney":"10"},{"type":6,"typenum":"14991537","typemoney":"5"},{"type":7,"typenum":"","typemoney":""}]},{"name":"双色球","code":"2025146","detailsLink":"/c/2025/12/18/639321.shtml","videoLink":"/c/2025/12/18/639325.shtml","date":"2025-12-18(四)","week":"四","red":"05,07,12,24,26,28","blue":"02","blue2":"","sales":"365633358","poolmoney":"2718302859","content":"辽宁1注，吉林1注，浙江2注，安徽1注，江西1注，山东1注，广东1注，陕西1注，共9注。","addmoney":"","addmoney2":"","msg":"","z2add":"","m2add":"","prizegrades":[{"type":1,"typenum":"9","typemoney":"7076977"},{"type":2,"typenum":"192","typemoney":"121697"},{"type":3,"typenum":"1652","typemoney":"3000"},{"type":4,"typenum":"83020","typemoney":"200"},{"type":5,"typenum":"1535060","typemoney":"10"},{"type":6,"typenum":"9757151","typemoney":"5"},{"type":7,"typenum":"","typemoney":""}]},{"name":"双色球","code":"2025145","detailsLink":"/c/2025/12/16/639107.shtml","videoLink":"/c/2025/12/16/639111.shtml","date":"2025-12-16(二)","week":"二","red":"11,12,15,18,25,32","blue":"14","blue2":"","sales":"356306424","poolmoney":"2711897665","content":"浙江3注，福建10注，甘肃1注，宁夏1注，共15注。","addmoney":"","addmoney2":"","msg":"","z2add":"","m2add":"","prizegrades":[{"type":1,"typenum":"15","typemoney":"6220919"},{"type":2,"typenum":"89","typemoney":"257216"},{"type":3,"typenum":"1156","typemoney":"3000"},{"type":4,"typenum":"65518","typemoney":"200"},{"type":5,"typenum":"1295710","typemoney":"10"},{"type":6,"typenum":"10698495","typemoney":"5"},{"type":7,"typenum":"","typemoney":""}]},{"name":"双色球","code":"2025144","detailsLink":"/c/2025/12/14/638893.shtml","videoLink":"/c/2025/12/14/638896.shtml","date":"2025-12-14(日)","week":"日","red":"01,08,15,20,26,33","blue":"13","blue2":"","sales":"379272340","poolmoney":"2736534730","content":"浙江5注，安徽1注，湖南1注，广东2注，云南1注，陕西1注，新疆1注，深圳6注，共18注。","addmoney":"","addmoney2":"","msg":"","z2add":"","m2add":"","prizegrades":[{"type":1,"typenum":"18","typemoney":"6211544"},{"type":2,"typenum":"180","typemoney":"151443"},{"type":3,"typenum":"1325","typemoney":"3000"},{"type":4,"typenum":"61198","typemoney":"200"},{"type":5,"typenum":"1156361","typemoney":"10"},{"type":6,"typenum":"9805252","typemoney":"5"},{"type":7,"typenum":"","typemoney":""}]},{"name":"双色球","code":"2025143","detailsLink":"/c/2025/12/11/638774.shtml","videoLink":"/c/2025/12/11/638778.shtml","date":"2025-12-11(四)","week":"四","red":"02,09,12,13,15,24","blue":"03","blue2":"","sales":"357498010","poolmoney":"2766563293","content":"辽宁2注，福建1注，广东1注，西藏3注，共7注。","addmoney":"","addmoney2":"","msg":"","z2add":"","m2add":"","prizegrades":[{"type":1,"typenum":"7","typemoney":"8038443"},{"type":2,"typenum":"81","typemoney":"328226"},{"type":3,"typenum":"1000","typemoney":"3000"},{"type":4,"typenum":"58079","typemoney":"200"},{"type":5,"typenum":"1152516","typemoney":"10"},{"type":6,"typenum":"8537508","typemoney":"5"},{"type":7,"typenum":"","typemoney":""}]},{"name":"双色球","code":"2025142","detailsLink":"/c/2025/12/09/638560.shtml","videoLink":"/c/2025/12/09/638564.shtml","date":"2025-12-09(二)","week":"二","red":"02,13,15,23,27,31","blue":"16","blue2":"","sales":"353205678","poolmoney":"2743073255","content":"广东1注，海南1注，贵州1注，共3注。","addmoney":"","addmoney2":"","msg":"","z2add":"","m2add":"","prizegrades":[{"type":1,"typenum":"3","typemoney":"10000000"},{"type":2,"typenum":"79","typemoney":"317297"},{"type":3,"typenum":"888","typemoney":"3000"},{"type":4,"typenum":"49625","typemoney":"200"},{"type":5,"typenum":"1006681","typemoney":"10"},{"type":6,"typenum":"10029805","typemoney":"5"},{"type":7,"typenum":"","typemoney":""}]},{"name":"双色球","code":"2025141","detailsLink":"/c/2025/12/07/638346.shtml","videoLink":"/c/2025/12/07/638350.shtml","date":"2025-12-07(日)","week":"日","red":"02,04,05,10,12,13","blue":"06","blue2":"","sales":"390055596","poolmoney":"2697873796","content":"北京1注，山西2注，江苏1注，安徽1注，江西1注，广东3注，深圳1注，共10注。","addmoney":"","addmoney2":"","msg":"","z2add":"","m2add":"","prizegrades":[{"type":1,"typenum":"10","typemoney":"7082448"},{"type":2,"typenum":"112","typemoney":"232416"},{"type":3,"typenum":"1996","typemoney":"3000"},{"type":4,"typenum":"83417","typemoney":"200"},{"type":5,"typenum":"1510557","typemoney":"10"},{"type":6,"typenum":"9845572","typemoney":"5"},{"type":7,"typenum":"","typemoney":""}]},{"name":"双色球","code":"2025140","detailsLink":"/c/2025/12/04/638227.shtml","videoLink":"/c/2025/12/04/638231.shtml","date":"2025-12-04(四)","week":"四","red":"01,03,04,12,18,24","blue":"05","blue2":"","sales":"362437084","poolmoney":"2690606470","content":"湖北3注，四川1注，共4注。","addmoney":"","addmoney2":"","msg":"","z2add":"","m2add":"","prizegrades":[{"type":1,"typenum":"4","typemoney":"9980899"},{"type":2,"typenum":"126","typemoney":"197654"},{"type":3,"typenum":"1187","typemoney":"3000"},{"type":4,"typenum":"72790","typemoney":"200"},{"type":5,"typenum":"1422923","typemoney":"10"},{"type":6,"typenum":"9125589","typemoney":"5"},{"type":7,"typenum":"","typemoney":""}]},{"name":"双色球","code":"2025139","detailsLink":"/c/2025/12/02/637913.shtml","videoLink":"/c/2025/12/02/637917.shtml","date":"2025-12-02(二)","week":"二","red":"02,05,17,22,30,33","blue":"06","blue2":"","sales":"358264332","poolmoney":"2655816573","content":"安徽1注，山东1注，广东1注，共3注。","addmoney":"","addmoney2":"","msg":"","z2add":"","m2add":"","prizegrades":[{"type":1,"typenum":"3","typemoney":"10000000"},{"type":2,"typenum":"142","typemoney":"154433"},{"type":3,"typenum":"1644","typemoney":"3000"},{"type":4,"typenum":"78164","typemoney":"200"},{"type":5,"typenum":"1434432","typemoney":"10"},{"type":6,"typenum":"10584447","typemoney":"5"},{"type":7,"typenum":"","typemoney":""}]},{"name":"双色球","code":"2025138","detailsLink":"/c/2025/11/30/637699.shtml","videoLink":"/c/2025/11/30/637703.shtml","date":"2025-11-30(日)","week":"日","red":"10,13,14,23,24,27","blue":"15","blue2":"","sales":"396317254","poolmoney":"2620027948","content":"吉林1注，山东1注，共2注。","addmoney":"","addmoney2":"","msg":"","z2add":"","m2add":"","prizegrades":[{"type":1,"typenum":"2","typemoney":"10000000"},{"type":2,"typenum":"78","typemoney":"326226"},{"type":3,"typenum":"1240","typemoney":"3000"},{"type":4,"typenum":"64617","typemoney":"200"},{"type":5,"typenum":"1281057","typemoney":"10"},{"type":6,"typenum":"12591761","typemoney":"5"},{"type":7,"typenum":"","typemoney":""}]},{"name":"双色球","code":"2025137","detailsLink":"/c/2025/11/27/637580.shtml","videoLink":"/c/2025/11/27/637584.shtml","date":"2025-11-27(四)","week":"四","red":"02,08,11,23,27,29","blue":"05","blue2":"","sales":"364942202","poolmoney":"2563690940","content":"浙江5注，福建3注，河南1注，湖北2注，青海1注，共12注。","addmoney":"","addmoney2":"","msg":"","z2add":"","m2add":"","prizegrades":[{"type":1,"typenum":"12","typemoney":"6227322"},{"type":2,"typenum":"114","typemoney":"161489"},{"type":3,"typenum":"1938","typemoney":"3000"},{"type":4,"typenum":"88177","typemoney":"200"},{"type":5,"typenum":"1527126","typemoney":"10"},{"type":6,"typenum":"13292334","typemoney":"5"},{"type":7,"typenum":"","typemoney":""}]},{"name":"双色球","code":"2025136","detailsLink":"/c/2025/11/25/637266.shtml","videoLink":"/c/2025/11/25/637270.shtml","date":"2025-11-25(二)","week":"二","red":"08,10,14,23,28,32","blue":"12","blue2":"","sales":"361034006","poolmoney":"2583189299","content":"河北20注，黑龙江1注，浙江1注，重庆18注，湖南1注，广东1注，广西1注，共43注。","addmoney":"","addmoney2":"","msg":"","z2add":"","m2add":"","prizegrades":[{"type":1,"typenum":"43","typemoney":"5467124"},{"type":2,"typenum":"101","typemoney":"248593"},{"type":3,"typenum":"1463","typemoney":"3000"},{"type":4,"typenum":"73128","typemoney":"200"},{"type":5,"typenum":"1355765","typemoney":"10"},{"type":6,"typenum":"8780532","typemoney":"5"},{"type":7,"typenum":"","typemoney":""}]},{"name":"双色球","code":"2025135","detailsLink":"/c/2025/11/23/636952.shtml","videoLink":"/c/2025/11/23/636955.shtml","date":"2025-11-23(日)","week":"日","red":"01,02,05,09,25,32","blue":"10","blue2":"","sales":"400247838","poolmoney":"2742951835","content":"河北1注，重庆2注，河南2注，青海1注，新疆1注，共7注。","addmoney":"","addmoney2":"","msg":"","z2add":"","m2add":"","prizegrades":[{"type":1,"typenum":"7","typemoney":"7811499"},{"type":2,"typenum":"104","typemoney":"236544"},{"type":3,"typenum":"1711","typemoney":"3000"},{"type":4,"typenum":"79047","typemoney":"200"},{"type":5,"typenum":"1478887","typemoney":"10"},{"type":6,"typenum":"12397539","typemoney":"5"},{"type":7,"typenum":"","typemoney":""}]},{"name":"双色球","code":"2025134","detailsLink":"/c/2025/11/20/636733.shtml","videoLink":"/c/2025/11/20/636737.shtml","date":"2025-11-20(四)","week":"四","red":"03,05,09,13,26,29","blue":"12","blue2":"","sales":"374640566","poolmoney":"2723830474","content":"北京1注，河北1注，江苏2注，山东1注，湖北1注，海南1注，贵州2注，陕西1注，甘肃1注，新疆1注，共12注。","addmoney":"","addmoney2":"","msg":"","z2add":"","m2add":"","prizegrades":[{"type":1,"typenum":"12","typemoney":"6386866"},{"type":2,"typenum":"123","typemoney":"169130"},{"type":3,"typenum":"2176","typemoney":"3000"},{"type":4,"typenum":"97021","typemoney":"200"},{"type":5,"typenum":"1723573","typemoney":"10"},{"type":6,"typenum":"11438790","typemoney":"5"},{"type":7,"typenum":"","typemoney":""}]},{"name":"双色球","code":"2025133","detailsLink":"/c/2025/11/18/636219.shtml","videoLink":"/c/2025/11/18/636223.shtml","date":"2025-11-18(二)","week":"二","red":"05,14,17,19,20,33","blue":"07","blue2":"","sales":"363914948","poolmoney":"2738063876","content":"北京1注，河北2注，江苏1注，福建1注，河南1注，湖南3注，四川2注，贵州5注，云南2注，甘肃2注，新疆1注，共21注。","addmoney":"","addmoney2":"","msg":"","z2add":"","m2add":"","prizegrades":[{"type":1,"typenum":"21","typemoney":"5571098"},{"type":2,"typenum":"148","typemoney":"101292"},{"type":3,"typenum":"2218","typemoney":"3000"},{"type":4,"typenum":"108070","typemoney":"200"},{"type":5,"typenum":"1824512","typemoney":"10"},{"type":6,"typenum":"14367977","typemoney":"5"},{"type":7,"typenum":"","typemoney":""}]},{"name":"双色球","code":"2025132","detailsLink":"/c/2025/11/16/635605.shtml","videoLink":"/c/2025/11/16/635609.shtml","date":"2025-11-16(日)","week":"日","red":"04,08,10,21,23,32","blue":"11","blue2":"","sales":"409235610","poolmoney":"2810082951","content":"上海1注，江苏1注，浙江1注，山东1注，河南1注，四川3注，共8注。","addmoney":"","addmoney2":"","msg":"","z2add":"","m2add":"","prizegrades":[{"type":1,"typenum":"8","typemoney":"7322334"},{"type":2,"typenum":"135","typemoney":"172024"},{"type":3,"typenum":"1717","typemoney":"3000"},{"type":4,"typenum":"82327","typemoney":"200"},{"type":5,"typenum":"1500137","typemoney":"10"},{"type":6,"typenum":"14202861","typemoney":"5"},{"type":7,"typenum":"","typemoney":""}]},{"name":"双色球","code":"2025131","detailsLink":"/c/2025/11/13/635386.shtml","videoLink":"/c/2025/11/13/635390.shtml","date":"2025-11-13(四)","week":"四","red":"03,13,14,18,24,31","blue":"03","blue2":"","sales":"385122072","poolmoney":"2798991596","content":"山西2注，内蒙古1注，山东1注，广东1注，贵州1注，陕西1注，宁夏1注，共8注。","addmoney":"","addmoney2":"","msg":"","z2add":"","m2add":"","prizegrades":[{"type":1,"typenum":"8","typemoney":"7835944"},{"type":2,"typenum":"98","typemoney":"289382"},{"type":3,"typenum":"1350","typemoney":"3000"},{"type":4,"typenum":"69138","typemoney":"200"},{"type":5,"typenum":"1292195","typemoney":"10"},{"type":6,"typenum":"8894494","typemoney":"5"},{"type":7,"typenum":"","typemoney":""}]},{"name":"双色球","code":"2025130","detailsLink":"/c/2025/11/11/634872.shtml","videoLink":"/c/2025/11/11/634876.shtml","date":"2025-11-11(二)","week":"二","red":"01,05,08,14,19,23","blue":"06","blue2":"","sales":"377466594","poolmoney":"2776600809","content":"内蒙古1注，辽宁1注，上海3注，江苏2注，浙江1注，安徽1注，山东1注，重庆1注，云南1注，宁夏1注，新疆1注，共14注。","addmoney":"","addmoney2":"","msg":"","z2add":"","m2add":"","prizegrades":[{"type":1,"typenum":"14","typemoney":"5638811"},{"type":2,"typenum":"183","typemoney":"61088"},{"type":3,"typenum":"3882","typemoney":"3000"},{"type":4,"typenum":"161631","typemoney":"200"},{"type":5,"typenum":"2186690","typemoney":"10"},{"type":6,"typenum":"14880544","typemoney":"5"},{"type":7,"typenum":"","typemoney":""}]},{"name":"双色球","code":"2025129","detailsLink":"/c/2025/11/09/634558.shtml","videoLink":"/c/2025/11/09/634562.shtml","date":"2025-11-09(日)","week":"日","red":"03,04,07,13,20,30","blue":"03","blue2":"","sales":"403899176","poolmoney":"2822006563","content":"天津1注，河北6注，山西1注，江苏2注，山东1注，湖北1注，广东2注，青海1注，深圳1注，共16注。","addmoney":"","addmoney2":"","msg":"","z2add":"","m2add":"","prizegrades":[{"type":1,"typenum":"16","typemoney":"6390891"},{"type":2,"typenum":"194","typemoney":"143390"},{"type":3,"typenum":"1749","typemoney":"3000"},{"type":4,"typenum":"87230","typemoney":"200"},{"type":5,"typenum":"1599003","typemoney":"10"},{"type":6,"typenum":"9591250","typemoney":"5"},{"type":7,"typenum":"","typemoney":""}]},{"name":"双色球","code":"2025128","detailsLink":"/c/2025/11/06/634439.shtml","videoLink":"/c/2025/11/06/634444.shtml","date":"2025-11-06(四)","week":"四","red":"02,10,18,19,24,27","blue":"01","blue2":"","sales":"371066844","poolmoney":"2840807340","content":"山西1注，内蒙古2注，浙江1注，安徽1注，福建1注，云南1注，共7注。","addmoney":"","addmoney2":"","msg":"","z2add":"","m2add":"","prizegrades":[{"type":1,"typenum":"7","typemoney":"6365206"},{"type":2,"typenum":"142","typemoney":"84123"},{"type":3,"typenum":"2763","typemoney":"3000"},{"type":4,"typenum":"118145","typemoney":"200"},{"type":5,"typenum":"1971684","typemoney":"10"},{"type":6,"typenum":"16481140","typemoney":"5"},{"type":7,"typenum":"","typemoney":""}]},{"name":"双色球","code":"2025127","detailsLink":"/c/2025/11/04/634125.shtml","videoLink":"/c/2025/11/04/634129.shtml","date":"2025-11-04(二)","week":"二","red":"03,09,15,17,19,28","blue":"03","blue2":"","sales":"360915142","poolmoney":"2849527123","content":"山西1注，广东2注，贵州3注，陕西1注，新疆1注，共8注。","addmoney":"","addmoney2":"","msg":"","z2add":"","m2add":"","prizegrades":[{"type":1,"typenum":"8","typemoney":"6934963"},{"type":2,"typenum":"128","typemoney":"151169"},{"type":3,"typenum":"1663","typemoney":"3000"},{"type":4,"typenum":"93346","typemoney":"200"},{"type":5,"typenum":"1635708","typemoney":"10"},{"type":6,"typenum":"11886921","typemoney":"5"},{"type":7,"typenum":"","typemoney":""}]},{"name":"双色球","code":"2025126","detailsLink":"/c/2025/11/02/633911.shtml","videoLink":"/c/2025/11/02/633915.shtml","date":"2025-11-02(日)","week":"日","red":"02,12,13,16,19,25","blue":"10","blue2":"","sales":"399441700","poolmoney":"2846957929","content":"浙江1注，山东2注，河南1注，广东1注，四川1注，深圳1注，共7注。","addmoney":"","addmoney2":"","msg":"","z2add":"","m2add":"","prizegrades":[{"type":1,"typenum":"7","typemoney":"8140985"},{"type":2,"typenum":"100","typemoney":"274836"},{"type":3,"typenum":"1242","typemoney":"3000"},{"type":4,"typenum":"62443","typemoney":"200"},{"type":5,"typenum":"1241700","typemoney":"10"},{"type":6,"typenum":"11432069","typemoney":"5"},{"type":7,"typenum":"","typemoney":""}]},{"name":"双色球","code":"2025125","detailsLink":"/c/2025/10/30/633692.shtml","videoLink":"/c/2025/10/30/633696.shtml","date":"2025-10-30(四)","week":"四","red":"03,09,12,13,26,32","blue":"09","blue2":"","sales":"358732158","poolmoney":"2821493961","content":"北京1注，辽宁2注，黑龙江1注，上海1注，山东1注，湖北1注，广西1注，四川5注，云南2注，陕西1注，深圳1注，共17注。","addmoney":"","addmoney2":"","msg":"","z2add":"","m2add":"","prizegrades":[{"type":1,"typenum":"17","typemoney":"5742924"},{"type":2,"typenum":"248","typemoney":"63657"},{"type":3,"typenum":"2630","typemoney":"3000"},{"type":4,"typenum":"107611","typemoney":"200"},{"type":5,"typenum":"1691804","typemoney":"10"},{"type":6,"typenum":"13259985","typemoney":"5"},{"type":7,"typenum":"","typemoney":""}]},{"name":"双色球","code":"2025124","detailsLink":"/c/2025/10/28/633378.shtml","videoLink":"/c/2025/10/28/633382.shtml","date":"2025-10-28(二)","week":"二","red":"01,02,18,19,21,33","blue":"13","blue2":"","sales":"354991248","poolmoney":"2871762236","content":"北京1注，上海1注，浙江2注，福建1注，山东2注，湖北1注，广东5注，西藏1注，共14注。","addmoney":"","addmoney2":"","msg":"","z2add":"","m2add":"","prizegrades":[{"type":1,"typenum":"14","typemoney":"6708770"},{"type":2,"typenum":"154","typemoney":"194178"},{"type":3,"typenum":"882","typemoney":"3000"},{"type":4,"typenum":"44988","typemoney":"200"},{"type":5,"typenum":"953916","typemoney":"10"},{"type":6,"typenum":"6629802","typemoney":"5"},{"type":7,"typenum":"","typemoney":""}]},{"name":"双色球","code":"2025123","detailsLink":"/c/2025/10/26/632964.shtml","videoLink":"/c/2025/10/26/632968.shtml","date":"2025-10-26(日)","week":"日","red":"07,09,23,24,25,26","blue":"10","blue2":"","sales":"386747886","poolmoney":"2875974569","content":"北京1注，河北1注，江苏2注，山东1注，广西2注，四川2注，陕西1注，新疆1注，共11注。","addmoney":"","addmoney2":"","msg":"","z2add":"","m2add":"","prizegrades":[{"type":1,"typenum":"11","typemoney":"6848170"},{"type":2,"typenum":"166","typemoney":"153086"},{"type":3,"typenum":"1616","typemoney":"3000"},{"type":4,"typenum":"88393","typemoney":"200"},{"type":5,"typenum":"1469050","typemoney":"10"},{"type":6,"typenum":"10127992","typemoney":"5"},{"type":7,"typenum":"","typemoney":""}]},{"name":"双色球","code":"2025122","detailsLink":"/c/2025/10/23/632645.shtml","videoLink":"/c/2025/10/23/632649.shtml","date":"2025-10-23(四)","week":"四","red":"16,18,19,20,25,31","blue":"13","blue2":"","sales":"363694232","poolmoney":"2875067397","content":"吉林1注，浙江1注，重庆1注，广东2注，甘肃1注，共6注。","addmoney":"","addmoney2":"","msg":"","z2add":"","m2add":"","prizegrades":[{"type":1,"typenum":"6","typemoney":"8503343"},{"type":2,"typenum":"151","typemoney":"174007"},{"type":3,"typenum":"1203","typemoney":"3000"},{"type":4,"typenum":"61544","typemoney":"200"},{"type":5,"typenum":"1213698","typemoney":"10"},{"type":6,"typenum":"9011020","typemoney":"5"},{"type":7,"typenum":"","typemoney":""}]},{"name":"双色球","code":"2025121","detailsLink":"/c/2025/10/21/632331.shtml","videoLink":"/c/2025/10/21/632335.shtml","date":"2025-10-21(二)","week":"二","red":"06,08,10,25,29,30","blue":"08","blue2":"","sales":"354466956","poolmoney":"2847262236","content":"河北2注，上海1注，安徽2注，湖南1注，四川1注，贵州1注，云南1注，甘肃2注，青海1注，深圳1注，共13注。","addmoney":"","addmoney2":"","msg":"","z2add":"","m2add":"","prizegrades":[{"type":1,"typenum":"13","typemoney":"5876512"},{"type":2,"typenum":"174","typemoney":"81858"},{"type":3,"typenum":"2896","typemoney":"3000"},{"type":4,"typenum":"129625","typemoney":"200"},{"type":5,"typenum":"2017731","typemoney":"10"},{"type":6,"typenum":"12385040","typemoney":"5"},{"type":7,"typenum":"","typemoney":""}]},{"name":"双色球","code":"2025120","detailsLink":"/c/2025/10/19/632117.shtml","videoLink":"/c/2025/10/19/632121.shtml","date":"2025-10-19(日)","week":"日","red":"01,02,04,07,13,32","blue":"07","blue2":"","sales":"385873150","poolmoney":"2880926922","content":"云南1注，共1注。","addmoney":"","addmoney2":"","msg":"","z2add":"","m2add":"","prizegrades":[{"type":1,"typenum":"1","typemoney":"10000000"},{"type":2,"typenum":"47","typemoney":"508032"},{"type":3,"typenum":"1125","typemoney":"3000"},{"type":4,"typenum":"62989","typemoney":"200"},{"type":5,"typenum":"1262837","typemoney":"10"},{"type":6,"typenum":"12993300","typemoney":"5"},{"type":7,"typenum":"","typemoney":""}]},{"name":"双色球","code":"2025119","detailsLink":"/c/2025/10/16/631898.shtml","videoLink":"/c/2025/10/16/631903.shtml","date":"2025-10-16(四)","week":"四","red":"06,09,23,26,28,32","blue":"11","blue2":"","sales":"364080712","poolmoney":"2819294293","content":"上海1注，福建2注，河南2注，湖南1注，广东2注，云南2注，西藏1注，共11注。","addmoney":"","addmoney2":"","msg":"","z2add":"","m2add":"","prizegrades":[{"type":1,"typenum":"11","typemoney":"6119693"},{"type":2,"typenum":"564","typemoney":"27297"},{"type":3,"typenum":"2451","typemoney":"3000"},{"type":4,"typenum":"106216","typemoney":"200"},{"type":5,"typenum":"1685186","typemoney":"10"},{"type":6,"typenum":"14273668","typemoney":"5"},{"type":7,"typenum":"","typemoney":""}]},{"name":"双色球","code":"2025118","detailsLink":"/c/2025/10/14/631584.shtml","videoLink":"/c/2025/10/14/631587.shtml","date":"2025-10-14(二)","week":"二","red":"01,10,11,16,24,26","blue":"03","blue2":"","sales":"357347556","poolmoney":"2840423562","content":"河北1注，黑龙江1注，浙江1注，河南1注，湖南1注，四川1注，共6注。","addmoney":"","addmoney2":"","msg":"","z2add":"","m2add":"","prizegrades":[{"type":1,"typenum":"6","typemoney":"8065036"},{"type":2,"typenum":"80","typemoney":"287347"},{"type":3,"typenum":"1463","typemoney":"3000"},{"type":4,"typenum":"72833","typemoney":"200"},{"type":5,"typenum":"1331036","typemoney":"10"},{"type":6,"typenum":"10176650","typemoney":"5"},{"type":7,"typenum":"","typemoney":""}]},{"name":"双色球","code":"2025117","detailsLink":"/c/2025/10/12/631170.shtml","videoLink":"/c/2025/10/12/631174.shtml","date":"2025-10-12(日)","week":"日","red":"06,08,17,20,25,33","blue":"10","blue2":"","sales":"389301568","poolmoney":"2819850462","content":"内蒙古2注，江苏3注，山东2注，重庆1注，贵州1注，共9注。","addmoney":"","addmoney2":"","msg":"","z2add":"","m2add":"","prizegrades":[{"type":1,"typenum":"9","typemoney":"7503776"},{"type":2,"typenum":"177","typemoney":"159138"},{"type":3,"typenum":"1391","typemoney":"3000"},{"type":4,"typenum":"70040","typemoney":"200"},{"type":5,"typenum":"1374534","typemoney":"10"},{"type":6,"typenum":"9232300","typemoney":"5"},{"type":7,"typenum":"","typemoney":""}]},{"name":"双色球","code":"2025116","detailsLink":"/c/2025/10/09/630751.shtml","videoLink":"/c/2025/10/09/630754.shtml","date":"2025-10-09(四)","week":"四","red":"02,04,08,24,28,31","blue":"09","blue2":"","sales":"363037044","poolmoney":"2802882002","content":"上海1注，浙江1注，新疆1注，共3注。","addmoney":"","addmoney2":"","msg":"","z2add":"","m2add":"","prizegrades":[{"type":1,"typenum":"3","typemoney":"7424040"},{"type":2,"typenum":"62","typemoney":"146615"},{"type":3,"typenum":"1900","typemoney":"3000"},{"type":4,"typenum":"92373","typemoney":"200"},{"type":5,"typenum":"1584599","typemoney":"10"},{"type":6,"typenum":"20301391","typemoney":"5"},{"type":7,"typenum":"","typemoney":""}]},{"name":"双色球","code":"2025115","detailsLink":"/c/2025/10/07/630537.shtml","videoLink":"/c/2025/10/07/630540.shtml","date":"2025-10-07(二)","week":"二","red":"02,03,08,19,24,30","blue":"02","blue2":"","sales":"330722178","poolmoney":"2797883669","content":"北京1注，河北1注，重庆3注，河南5注，广东2注，广西20注，贵州1注，西藏1注，深圳5注，共39注。","addmoney":"","addmoney2":"","msg":"","z2add":"","m2add":"","prizegrades":[{"type":1,"typenum":"39","typemoney":"5465649"},{"type":2,"typenum":"604","typemoney":"37583"},{"type":3,"typenum":"2006","typemoney":"3000"},{"type":4,"typenum":"91954","typemoney":"200"},{"type":5,"typenum":"1426754","typemoney":"10"},{"type":6,"typenum":"6515189","typemoney":"5"},{"type":7,"typenum":"","typemoney":""}]},{"name":"双色球","code":"2025114","detailsLink":"/c/2025/10/05/630523.shtml","videoLink":"/c/2025/10/05/630525.shtml","date":"2025-10-05(日)","week":"日","red":"01,20,21,25,26,27","blue":"10","blue2":"","sales":"306235982","poolmoney":"2942942799","content":"河北1注，重庆1注，湖南1注，广东1注，四川2注，甘肃1注，共7注。","addmoney":"","addmoney2":"","msg":"","z2add":"","m2add":"","prizegrades":[{"type":1,"typenum":"7","typemoney":"7433630"},{"type":2,"typenum":"87","typemoney":"244761"},{"type":3,"typenum":"890","typemoney":"3000"},{"type":4,"typenum":"46810","typemoney":"200"},{"type":5,"typenum":"922282","typemoney":"10"},{"type":6,"typenum":"8724747","typemoney":"5"},{"type":7,"typenum":"","typemoney":""}]},{"name":"双色球","code":"2025113","detailsLink":"/c/2025/09/30/630516.shtml","videoLink":"/c/2025/09/30/630521.shtml","date":"2025-09-30(二)","week":"二","red":"08,10,13,15,24,31","blue":"16","blue2":"","sales":"376311750","poolmoney":"2931095408","content":"江苏1注，广东1注，云南1注，新疆1注，共4注。","addmoney":"","addmoney2":"","msg":"","z2add":"","m2add":"","prizegrades":[{"type":1,"typenum":"4","typemoney":"10000000"},{"type":2,"typenum":"122","typemoney":"242380"},{"type":3,"typenum":"1080","typemoney":"3000"},{"type":4,"typenum":"59305","typemoney":"200"},{"type":5,"typenum":"1204731","typemoney":"10"},{"type":6,"typenum":"7792519","typemoney":"5"},{"type":7,"typenum":"","typemoney":""}]},{"name":"双色球","code":"2025112","detailsLink":"/c/2025/09/28/629802.shtml","videoLink":"/c/2025/09/28/629804.shtml","date":"2025-09-28(日)","week":"日","red":"03,09,11,13,20,32","blue":"02","blue2":"","sales":"398243350","poolmoney":"2882384020","content":"北京1注，上海3注，共4注。","addmoney":"","addmoney2":"","msg":"","z2add":"","m2add":"","prizegrades":[{"type":1,"typenum":"4","typemoney":"10000000"},{"type":2,"typenum":"118","typemoney":"213163"},{"type":3,"typenum":"1430","typemoney":"3000"},{"type":4,"typenum":"81722","typemoney":"200"},{"type":5,"typenum":"1532442","typemoney":"10"},{"type":6,"typenum":"11713490","typemoney":"5"},{"type":7,"typenum":"","typemoney":""}]},{"name":"双色球","code":"2025111","detailsLink":"/c/2025/09/25/629383.shtml","videoLink":"/c/2025/09/25/629387.shtml","date":"2025-09-25(四)","week":"四","red":"09,14,18,28,31,33","blue":"12","blue2":"","sales":"366420958","poolmoney":"2846924292","content":"上海1注，浙江1注，湖南1注，宁夏1注，共4注。","addmoney":"","addmoney2":"","msg":"","z2add":"","m2add":"","prizegrades":[{"type":1,"typenum":"4","typemoney":"9473106"},{"type":2,"typenum":"67","typemoney":"333813"},{"type":3,"typenum":"1272","typemoney":"3000"},{"type":4,"typenum":"65496","typemoney":"200"},{"type":5,"typenum":"1215825","typemoney":"10"},{"type":6,"typenum":"12202138","typemoney":"5"},{"type":7,"typenum":"","typemoney":""}]},{"name":"双色球","code":"2025110","detailsLink":"/c/2025/09/23/629069.shtml","videoLink":"/c/2025/09/23/629074.shtml","date":"2025-09-23(二)","week":"二","red":"01,05,11,14,16,19","blue":"08","blue2":"","sales":"364932922","poolmoney":"2817720121","content":"河北1注，江苏1注，浙江2注，福建2注，共6注。","addmoney":"","addmoney2":"","msg":"","z2add":"","m2add":"","prizegrades":[{"type":1,"typenum":"6","typemoney":"7963794"},{"type":2,"typenum":"67","typemoney":"331768"},{"type":3,"typenum":"1149","typemoney":"3000"},{"type":4,"typenum":"60016","typemoney":"200"},{"type":5,"typenum":"1219396","typemoney":"10"},{"type":6,"typenum":"12451827","typemoney":"5"},{"type":7,"typenum":"","typemoney":""}]},{"name":"双色球","code":"2025109","detailsLink":"/c/2025/09/21/628755.shtml","videoLink":"/c/2025/09/21/628759.shtml","date":"2025-09-21(日)","week":"日","red":"05,06,09,17,18,31","blue":"03","blue2":"","sales":"398851460","poolmoney":"2798817511","content":"江苏1注，河南1注，湖南4注，广西5注，西藏1注，共12注。","addmoney":"","addmoney2":"","msg":"","z2add":"","m2add":"","prizegrades":[{"type":1,"typenum":"12","typemoney":"6182854"},{"type":2,"typenum":"190","typemoney":"93383"},{"type":3,"typenum":"2567","typemoney":"3000"},{"type":4,"typenum":"121553","typemoney":"200"},{"type":5,"typenum":"2052721","typemoney":"10"},{"type":6,"typenum":"14385428","typemoney":"5"},{"type":7,"typenum":"","typemoney":""}]},{"name":"双色球","code":"2025108","detailsLink":"/c/2025/09/18/628636.shtml","videoLink":"/c/2025/09/18/628640.shtml","date":"2025-09-18(四)","week":"四","red":"01,09,14,17,22,33","blue":"07","blue2":"","sales":"359262232","poolmoney":"2819783316","content":"北京1注，广东2注，四川1注，云南1注，共5注。","addmoney":"","addmoney2":"","msg":"","z2add":"","m2add":"","prizegrades":[{"type":1,"typenum":"5","typemoney":"8303235"},{"type":2,"typenum":"129","typemoney":"160040"},{"type":3,"typenum":"1398","typemoney":"3000"},{"type":4,"typenum":"76103","typemoney":"200"},{"type":5,"typenum":"1347881","typemoney":"10"},{"type":6,"typenum":"12112839","typemoney":"5"},{"type":7,"typenum":"","typemoney":""}]},{"name":"双色球","code":"2025107","detailsLink":"/c/2025/09/16/628322.shtml","videoLink":"/c/2025/09/16/628326.shtml","date":"2025-09-16(二)","week":"二","red":"02,03,10,15,25,33","blue":"13","blue2":"","sales":"352042890","poolmoney":"2799363828","content":"天津1注，山东1注，湖南1注，共3注。","addmoney":"","addmoney2":"","msg":"","z2add":"","m2add":"","prizegrades":[{"type":1,"typenum":"3","typemoney":"10000000"},{"type":2,"typenum":"144","typemoney":"173697"},{"type":3,"typenum":"1334","typemoney":"3000"},{"type":4,"typenum":"65506","typemoney":"200"},{"type":5,"typenum":"1233556","typemoney":"10"},{"type":6,"typenum":"8602462","typemoney":"5"},{"type":7,"typenum":"","typemoney":""}]},{"name":"双色球","code":"2025106","detailsLink":"/c/2025/09/14/628108.shtml","videoLink":"/c/2025/09/14/628112.shtml","date":"2025-09-14(日)","week":"日","red":"04,05,17,22,26,30","blue":"04","blue2":"","sales":"383828310","poolmoney":"2754326369","content":"黑龙江1注，上海2注，福建3注，山东1注，湖南1注，共8注。","addmoney":"","addmoney2":"","msg":"","z2add":"","m2add":"","prizegrades":[{"type":1,"typenum":"8","typemoney":"7761349"},{"type":2,"typenum":"265","typemoney":"104201"},{"type":3,"typenum":"1402","typemoney":"3000"},{"type":4,"typenum":"70134","typemoney":"200"},{"type":5,"typenum":"1286771","typemoney":"10"},{"type":6,"typenum":"9304276","typemoney":"5"},{"type":7,"typenum":"","typemoney":""}]},{"name":"双色球","code":"2025105","detailsLink":"/c/2025/09/11/627989.shtml","videoLink":"/c/2025/09/11/627993.shtml","date":"2025-09-11(四)","week":"四","red":"04,07,18,24,26,28","blue":"08","blue2":"","sales":"357186846","poolmoney":"2733576679","content":"北京1注，福建1注，山东1注，湖北1注，新疆1注，共5注。","addmoney":"","addmoney2":"","msg":"","z2add":"","m2add":"","prizegrades":[{"type":1,"typenum":"5","typemoney":"7802184"},{"type":2,"typenum":"160","typemoney":"109460"},{"type":3,"typenum":"1823","typemoney":"3000"},{"type":4,"typenum":"94917","typemoney":"200"},{"type":5,"typenum":"1570480","typemoney":"10"},{"type":6,"typenum":"12961948","typemoney":"5"},{"type":7,"typenum":"","typemoney":""}]},{"name":"双色球","code":"2025104","detailsLink":"/c/2025/09/09/627575.shtml","videoLink":"/c/2025/09/09/627580.shtml","date":"2025-09-09(二)","week":"二","red":"02,05,15,16,24,32","blue":"16","blue2":"","sales":"348590986","poolmoney":"2720046642","content":"云南2注，共2注。","addmoney":"","addmoney2":"","msg":"","z2add":"","m2add":"","prizegrades":[{"type":1,"typenum":"2","typemoney":"10000000"},{"type":2,"typenum":"138","typemoney":"204798"},{"type":3,"typenum":"838","typemoney":"3000"},{"type":4,"typenum":"53735","typemoney":"200"},{"type":5,"typenum":"1072945","typemoney":"10"},{"type":6,"typenum":"6754057","typemoney":"5"},{"type":7,"typenum":"","typemoney":""}]},{"name":"双色球","code":"2025103","detailsLink":"/c/2025/09/07/627261.shtml","videoLink":"/c/2025/09/07/627264.shtml","date":"2025-09-07(日)","week":"日","red":"13,16,21,25,28,31","blue":"16","blue2":"","sales":"385480320","poolmoney":"2655260007","content":"河北1注，江西1注，四川1注，共3注。","addmoney":"","addmoney2":"","msg":"","z2add":"","m2add":"","prizegrades":[{"type":1,"typenum":"3","typemoney":"10000000"},{"type":2,"typenum":"116","typemoney":"282173"},{"type":3,"typenum":"771","typemoney":"3000"},{"type":4,"typenum":"44557","typemoney":"200"},{"type":5,"typenum":"970774","typemoney":"10"},{"type":6,"typenum":"7404983","typemoney":"5"},{"type":7,"typenum":"","typemoney":""}]},{"name":"双色球","code":"2025102","detailsLink":"/c/2025/09/04/627142.shtml","videoLink":"/c/2025/09/04/627146.shtml","date":"2025-09-04(四)","week":"四","red":"04,09,16,17,18,31","blue":"07","blue2":"","sales":"351383918","poolmoney":"2587063782","content":"河北1注，山西1注，内蒙古1注，江苏1注，浙江6注，安徽1注，陕西1注，共12注。","addmoney":"","addmoney2":"","msg":"","z2add":"","m2add":"","prizegrades":[{"type":1,"typenum":"12","typemoney":"5969509"},{"type":2,"typenum":"136","typemoney":"106931"},{"type":3,"typenum":"2400","typemoney":"3000"},{"type":4,"typenum":"99222","typemoney":"200"},{"type":5,"typenum":"1592915","typemoney":"10"},{"type":6,"typenum":"14206805","typemoney":"5"},{"type":7,"typenum":"","typemoney":""}]},{"name":"双色球","code":"2025101","detailsLink":"/c/2025/09/02/626828.shtml","videoLink":"/c/2025/09/02/626833.shtml","date":"2025-09-02(二)","week":"二","red":"05,08,09,10,16,21","blue":"05","blue2":"","sales":"350895240","poolmoney":"2615069983","content":"河北1注，内蒙古1注，浙江1注，广东2注，共5注。","addmoney":"","addmoney2":"","msg":"","z2add":"","m2add":"","prizegrades":[{"type":1,"typenum":"5","typemoney":"8116321"},{"type":2,"typenum":"107","typemoney":"182028"},{"type":3,"typenum":"1900","typemoney":"3000"},{"type":4,"typenum":"94510","typemoney":"200"},{"type":5,"typenum":"1620231","typemoney":"10"},{"type":6,"typenum":"10645264","typemoney":"5"},{"type":7,"typenum":"","typemoney":""}]},{"name":"双色球","code":"2025100","detailsLink":"/c/2025/08/31/626614.shtml","videoLink":"/c/2025/08/31/626618.shtml","date":"2025-08-31(日)","week":"日","red":"12,16,17,25,30,31","blue":"16","blue2":"","sales":"383791808","poolmoney":"2597220563","content":"北京1注，黑龙江1注，江苏1注，山东2注，广东6注，共11注。","addmoney":"","addmoney2":"","msg":"","z2add":"","m2add":"","prizegrades":[{"type":1,"typenum":"11","typemoney":"7099632"},{"type":2,"typenum":"107","typemoney":"269812"},{"type":3,"typenum":"1110","typemoney":"3000"},{"type":4,"typenum":"59088","typemoney":"200"},{"type":5,"typenum":"1209679","typemoney":"10"},{"type":6,"typenum":"9066765","typemoney":"5"},{"type":7,"typenum":"","typemoney":""}]},{"name":"双色球","code":"2025099","detailsLink":"/c/2025/08/28/626395.shtml","videoLink":"/c/2025/08/28/626399.shtml","date":"2025-08-28(四)","week":"四","red":"09,11,15,17,22,26","blue":"14","blue2":"","sales":"353036232","poolmoney":"2588706689","content":"江苏1注，河南1注，共2注。","addmoney":"","addmoney2":"","msg":"","z2add":"","m2add":"","prizegrades":[{"type":1,"typenum":"2","typemoney":"10000000"},{"type":2,"typenum":"155","typemoney":"193182"},{"type":3,"typenum":"1018","typemoney":"3000"},{"type":4,"typenum":"54648","typemoney":"200"},{"type":5,"typenum":"1169699","typemoney":"10"},{"type":6,"typenum":"5506819","typemoney":"5"},{"type":7,"typenum":"","typemoney":""}]},{"name":"双色球","code":"2025098","detailsLink":"/c/2025/08/26/626181.shtml","videoLink":"/c/2025/08/26/626185.shtml","date":"2025-08-26(二)","week":"二","red":"05,08,13,17,18,29","blue":"02","blue2":"","sales":"348777356","poolmoney":"2518876889","content":"河北1注，山西1注，内蒙古1注，上海1注，浙江1注，安徽1注，福建1注，山东2注，重庆1注，湖北3注，湖南1注，广东5注，广西1注，宁夏2注，共22注。","addmoney":"","addmoney2":"","msg":"","z2add":"","m2add":"","prizegrades":[{"type":1,"typenum":"22","typemoney":"5510882"},{"type":2,"typenum":"269","typemoney":"52227"},{"type":3,"typenum":"3274","typemoney":"3000"},{"type":4,"typenum":"131148","typemoney":"200"},{"type":5,"typenum":"1962611","typemoney":"10"},{"type":6,"typenum":"11805233","typemoney":"5"},{"type":7,"typenum":"","typemoney":""}]},{"name":"双色球","code":"2025097","detailsLink":"/c/2025/08/24/625967.shtml","videoLink":"/c/2025/08/24/625971.shtml","date":"2025-08-24(日)","week":"日","red":"03,05,16,23,26,31","blue":"14","blue2":"","sales":"380958632","poolmoney":"2597968523","content":"宁夏1注，深圳1注，共2注。","addmoney":"","addmoney2":"","msg":"","z2add":"","m2add":"","prizegrades":[{"type":1,"typenum":"2","typemoney":"10000000"},{"type":2,"typenum":"178","typemoney":"161344"},{"type":3,"typenum":"921","typemoney":"3000"},{"type":4,"typenum":"58945","typemoney":"200"},{"type":5,"typenum":"1244528","typemoney":"10"},{"type":6,"typenum":"8959038","typemoney":"5"},{"type":7,"typenum":"","typemoney":""}]},{"name":"双色球","code":"2025096","detailsLink":"/c/2025/08/21/625848.shtml","videoLink":"/c/2025/08/21/625853.shtml","date":"2025-08-21(四)","week":"四","red":"07,09,11,12,16,29","blue":"15","blue2":"","sales":"350353036","poolmoney":"2531810580","content":"广东1注，共1注。","addmoney":"","addmoney2":"","msg":"","z2add":"","m2add":"","prizegrades":[{"type":1,"typenum":"1","typemoney":"10000000"},{"type":2,"typenum":"165","typemoney":"148472"},{"type":3,"typenum":"1273","typemoney":"3000"},{"type":4,"typenum":"78084","typemoney":"200"},{"type":5,"typenum":"1489125","typemoney":"10"},{"type":6,"typenum":"7870820","typemoney":"5"},{"type":7,"typenum":"","typemoney":""}]},{"name":"双色球","code":"2025095","detailsLink":"/c/2025/08/19/625534.shtml","videoLink":"/c/2025/08/19/625538.shtml","date":"2025-08-19(二)","week":"二","red":"15,16,22,23,26,32","blue":"04","blue2":"","sales":"347483168","poolmoney":"2468316703","content":"北京2注，黑龙江1注，山东2注，湖北1注，云南1注，新疆1注，共8注。","addmoney":"","addmoney2":"","msg":"","z2add":"","m2add":"","prizegrades":[{"type":1,"typenum":"8","typemoney":"7368773"},{"type":2,"typenum":"78","typemoney":"303688"},{"type":3,"typenum":"1751","typemoney":"3000"},{"type":4,"typenum":"65043","typemoney":"200"},{"type":5,"typenum":"1183058","typemoney":"10"},{"type":6,"typenum":"9084729","typemoney":"5"},{"type":7,"typenum":"","typemoney":""}]},{"name":"双色球","code":"2025094","detailsLink":"/c/2025/08/17/625320.shtml","videoLink":"/c/2025/08/17/625322.shtml","date":"2025-08-17(日)","week":"日","red":"11,13,17,19,23,29","blue":"16","blue2":"","sales":"378464962","poolmoney":"2456203693","content":"北京1注，上海1注，安徽2注，山东1注，重庆1注，广西1注，陕西1注，共8注。","addmoney":"","addmoney2":"","msg":"","z2add":"","m2add":"","prizegrades":[{"type":1,"typenum":"8","typemoney":"7778083"},{"type":2,"typenum":"196","typemoney":"141738"},{"type":3,"typenum":"1167","typemoney":"3000"},{"type":4,"typenum":"60717","typemoney":"200"},{"type":5,"typenum":"1180957","typemoney":"10"},{"type":6,"typenum":"9374101","typemoney":"5"},{"type":7,"typenum":"","typemoney":""}]},{"name":"双色球","code":"2025093","detailsLink":"/c/2025/08/14/625201.shtml","videoLink":"/c/2025/08/14/625205.shtml","date":"2025-08-14(四)","week":"四","red":"09,11,12,24,25,26","blue":"10","blue2":"","sales":"356349402","poolmoney":"2435085847","content":"北京1注，江苏3注，浙江1注，安徽1注，山东1注，河南2注，广东2注，深圳1注，共12注。","addmoney":"","addmoney2":"","msg":"","z2add":"","m2add":"","prizegrades":[{"type":1,"typenum":"12","typemoney":"6161412"},{"type":2,"typenum":"136","typemoney":"128096"},{"type":3,"typenum":"2241","typemoney":"3000"},{"type":4,"typenum":"89801","typemoney":"200"},{"type":5,"typenum":"1488101","typemoney":"10"},{"type":6,"typenum":"13072454","typemoney":"5"},{"type":7,"typenum":"","typemoney":""}]},{"name":"双色球","code":"2025092","detailsLink":"/c/2025/08/12/624987.shtml","videoLink":"/c/2025/08/12/624991.shtml","date":"2025-08-12(二)","week":"二","red":"02,11,14,17,23,24","blue":"12","blue2":"","sales":"350909082","poolmoney":"2456759248","content":"辽宁1注，上海2注，安徽1注，广东1注，广西1注，陕西1注，共7注。","addmoney":"","addmoney2":"","msg":"","z2add":"","m2add":"","prizegrades":[{"type":1,"typenum":"7","typemoney":"7508266"},{"type":2,"typenum":"110","typemoney":"199521"},{"type":3,"typenum":"2335","typemoney":"3000"},{"type":4,"typenum":"77648","typemoney":"200"},{"type":5,"typenum":"1336930","typemoney":"10"},{"type":6,"typenum":"9650446","typemoney":"5"},{"type":7,"typenum":"","typemoney":""}]},{"name":"双色球","code":"2025091","detailsLink":"/c/2025/08/10/624773.shtml","videoLink":"/c/2025/08/10/624775.shtml","date":"2025-08-10(日)","week":"日","red":"03,04,17,19,25,27","blue":"14","blue2":"","sales":"381527438","poolmoney":"2443475122","content":"吉林1注，上海2注，浙江1注，重庆1注，湖南3注，共8注。","addmoney":"","addmoney2":"","msg":"","z2add":"","m2add":"","prizegrades":[{"type":1,"typenum":"8","typemoney":"7525259"},{"type":2,"typenum":"114","typemoney":"221513"},{"type":3,"typenum":"1482","typemoney":"3000"},{"type":4,"typenum":"72866","typemoney":"200"},{"type":5,"typenum":"1433351","typemoney":"10"},{"type":6,"typenum":"10517074","typemoney":"5"},{"type":7,"typenum":"","typemoney":""}]},{"name":"双色球","code":"2025090","detailsLink":"/c/2025/08/07/624654.shtml","videoLink":"/c/2025/08/07/624658.shtml","date":"2025-08-07(四)","week":"四","red":"06,11,12,21,27,28","blue":"15","blue2":"","sales":"358843770","poolmoney":"2427919422","content":"黑龙江1注，上海1注，河南2注，湖北40注，湖南3注，广东1注，云南2注，新疆1注，共51注。","addmoney":"","addmoney2":"","msg":"","z2add":"","m2add":"","prizegrades":[{"type":1,"typenum":"51","typemoney":"5406061"},{"type":2,"typenum":"197","typemoney":"131403"},{"type":3,"typenum":"1623","typemoney":"3000"},{"type":4,"typenum":"74536","typemoney":"200"},{"type":5,"typenum":"1392709","typemoney":"10"},{"type":6,"typenum":"7716891","typemoney":"5"},{"type":7,"typenum":"","typemoney":""}]},{"name":"双色球","code":"2025089","detailsLink":"/c/2025/08/05/624440.shtml","videoLink":"/c/2025/08/05/624445.shtml","date":"2025-08-05(二)","week":"二","red":"04,06,08,18,31,33","blue":"05","blue2":"","sales":"346126366","poolmoney":"2625969286","content":"浙江1注，福建2注，云南1注，新疆1注，共5注。","addmoney":"","addmoney2":"","msg":"","z2add":"","m2add":"","prizegrades":[{"type":1,"typenum":"5","typemoney":"8555036"},{"type":2,"typenum":"82","typemoney":"270963"},{"type":3,"typenum":"1309","typemoney":"3000"},{"type":4,"typenum":"67216","typemoney":"200"},{"type":5,"typenum":"1293962","typemoney":"10"},{"type":6,"typenum":"10083237","typemoney":"5"},{"type":7,"typenum":"","typemoney":""}]},{"name":"双色球","code":"2025088","detailsLink":"/c/2025/08/03/624226.shtml","videoLink":"/c/2025/08/03/624230.shtml","date":"2025-08-03(日)","week":"日","red":"01,03,13,18,21,25","blue":"06","blue2":"","sales":"378870024","poolmoney":"2602087534","content":"上海1注，浙江1注，安徽1注，甘肃1注，共4注。","addmoney":"","addmoney2":"","msg":"","z2add":"","m2add":"","prizegrades":[{"type":1,"typenum":"4","typemoney":"10000000"},{"type":2,"typenum":"68","typemoney":"404098"},{"type":3,"typenum":"1049","typemoney":"3000"},{"type":4,"typenum":"57649","typemoney":"200"},{"type":5,"typenum":"1285134","typemoney":"10"},{"type":6,"typenum":"9640694","typemoney":"5"},{"type":7,"typenum":"","typemoney":""}]},{"name":"双色球","code":"2025087","detailsLink":"/c/2025/07/31/624107.shtml","videoLink":"/c/2025/07/31/624109.shtml","date":"2025-07-31(四)","week":"四","red":"02,06,14,15,24,26","blue":"08","blue2":"","sales":"350994188","poolmoney":"2559651509","content":"福建1注，江西1注，广东1注，共3注。","addmoney":"","addmoney2":"","msg":"","z2add":"","m2add":"","prizegrades":[{"type":1,"typenum":"3","typemoney":"9688475"},{"type":2,"typenum":"105","typemoney":"167445"},{"type":3,"typenum":"1642","typemoney":"3000"},{"type":4,"typenum":"77961","typemoney":"200"},{"type":5,"typenum":"1354571","typemoney":"10"},{"type":6,"typenum":"13519223","typemoney":"5"},{"type":7,"typenum":"","typemoney":""}]},{"name":"双色球","code":"2025086","detailsLink":"/c/2025/07/29/623893.shtml","videoLink":"/c/2025/07/29/623897.shtml","date":"2025-07-29(二)","week":"二","red":"02,06,08,10,17,24","blue":"06","blue2":"","sales":"345276906","poolmoney":"2535971590","content":"黑龙江1注，上海2注，浙江1注，山东2注，河南1注，湖南3注，甘肃5注，青海1注，共16注。","addmoney":"","addmoney2":"","msg":"","z2add":"","m2add":"","prizegrades":[{"type":1,"typenum":"16","typemoney":"5994098"},{"type":2,"typenum":"118","typemoney":"168491"},{"type":3,"typenum":"1660","typemoney":"3000"},{"type":4,"typenum":"83526","typemoney":"200"},{"type":5,"typenum":"1422037","typemoney":"10"},{"type":6,"typenum":"10750443","typemoney":"5"},{"type":7,"typenum":"","typemoney":""}]},{"name":"双色球","code":"2025085","detailsLink":"/c/2025/07/27/623479.shtml","videoLink":"/c/2025/07/27/623483.shtml","date":"2025-07-27(日)","week":"日","red":"11,14,15,18,21,24","blue":"13","blue2":"","sales":"373432674","poolmoney":"2572231246","content":"广东1注，云南11注，陕西5注，共17注。","addmoney":"","addmoney2":"","msg":"","z2add":"","m2add":"","prizegrades":[{"type":1,"typenum":"17","typemoney":"6339546"},{"type":2,"typenum":"93","typemoney":"306079"},{"type":3,"typenum":"847","typemoney":"3000"},{"type":4,"typenum":"46701","typemoney":"200"},{"type":5,"typenum":"983135","typemoney":"10"},{"type":6,"typenum":"9481601","typemoney":"5"},{"type":7,"typenum":"","typemoney":""}]},{"name":"双色球","code":"2025084","detailsLink":"/c/2025/07/24/623060.shtml","videoLink":"/c/2025/07/24/623065.shtml","date":"2025-07-24(四)","week":"四","red":"06,08,10,14,24,33","blue":"15","blue2":"","sales":"350903250","poolmoney":"2594607446","content":"北京1注，内蒙古2注，重庆1注，云南1注，深圳1注，共6注。","addmoney":"","addmoney2":"","msg":"","z2add":"","m2add":"","prizegrades":[{"type":1,"typenum":"6","typemoney":"8609555"},{"type":2,"typenum":"120","typemoney":"225597"},{"type":3,"typenum":"1100","typemoney":"3000"},{"type":4,"typenum":"55779","typemoney":"200"},{"type":5,"typenum":"1079023","typemoney":"10"},{"type":6,"typenum":"7681980","typemoney":"5"},{"type":7,"typenum":"","typemoney":""}]},{"name":"双色球","code":"2025083","detailsLink":"/c/2025/07/22/622746.shtml","videoLink":"/c/2025/07/22/622748.shtml","date":"2025-07-22(二)","week":"二","red":"10,15,16,17,27,29","blue":"12","blue2":"","sales":"352801672","poolmoney":"2565049782","content":"浙江1注，山东1注，河南1注，湖北1注，湖南1注，广东1注，四川1注，深圳1注，共8注。","addmoney":"","addmoney2":"","msg":"","z2add":"","m2add":"","prizegrades":[{"type":1,"typenum":"8","typemoney":"7106890"},{"type":2,"typenum":"145","typemoney":"145302"},{"type":3,"typenum":"1626","typemoney":"3000"},{"type":4,"typenum":"79044","typemoney":"200"},{"type":5,"typenum":"1378454","typemoney":"10"},{"type":6,"typenum":"10825172","typemoney":"5"},{"type":7,"typenum":"","typemoney":""}]},{"name":"双色球","code":"2025082","detailsLink":"/c/2025/07/20/622532.shtml","videoLink":"/c/2025/07/20/622536.shtml","date":"2025-07-20(日)","week":"日","red":"04,06,09,14,32,33","blue":"11","blue2":"","sales":"378156970","poolmoney":"2558698192","content":"浙江1注，江西1注，山东1注，云南1注，共4注。","addmoney":"","addmoney2":"","msg":"","z2add":"","m2add":"","prizegrades":[{"type":1,"typenum":"4","typemoney":"9506526"},{"type":2,"typenum":"120","typemoney":"187771"},{"type":3,"typenum":"1587","typemoney":"3000"},{"type":4,"typenum":"76384","typemoney":"200"},{"type":5,"typenum":"1428721","typemoney":"10"},{"type":6,"typenum":"12168274","typemoney":"5"},{"type":7,"typenum":"","typemoney":""}]},{"name":"双色球","code":"2025081","detailsLink":"/c/2025/07/17/622413.shtml","videoLink":"/c/2025/07/17/622416.shtml","date":"2025-07-17(四)","week":"四","red":"03,06,18,20,23,28","blue":"05","blue2":"","sales":"353894972","poolmoney":"2529126398","content":"浙江2注，广东2注，四川1注，青海1注，共6注。","addmoney":"","addmoney2":"","msg":"","z2add":"","m2add":"","prizegrades":[{"type":1,"typenum":"6","typemoney":"8415835"},{"type":2,"typenum":"149","typemoney":"171938"},{"type":3,"typenum":"1441","typemoney":"3000"},{"type":4,"typenum":"69116","typemoney":"200"},{"type":5,"typenum":"1384259","typemoney":"10"},{"type":6,"typenum":"7788936","typemoney":"5"},{"type":7,"typenum":"","typemoney":""}]},{"name":"双色球","code":"2025080","detailsLink":"/c/2025/07/15/622199.shtml","videoLink":"/c/2025/07/15/622201.shtml","date":"2025-07-15(二)","week":"二","red":"03,07,08,10,16,19","blue":"05","blue2":"","sales":"350614738","poolmoney":"2502765112","content":"北京1注，内蒙古1注，江苏1注，安徽1注，湖北1注，广东2注，广西2注，四川2注，云南1注，新疆1注，共13注。","addmoney":"","addmoney2":"","msg":"","z2add":"","m2add":"","prizegrades":[{"type":1,"typenum":"13","typemoney":"6390774"},{"type":2,"typenum":"180","typemoney":"125556"},{"type":3,"typenum":"1841","typemoney":"3000"},{"type":4,"typenum":"89676","typemoney":"200"},{"type":5,"typenum":"1629711","typemoney":"10"},{"type":6,"typenum":"8329117","typemoney":"5"},{"type":7,"typenum":"","typemoney":""}]},{"name":"双色球","code":"2025079","detailsLink":"/c/2025/07/13/621885.shtml","videoLink":"/c/2025/07/13/621887.shtml","date":"2025-07-13(日)","week":"日","red":"08,11,14,15,30,32","blue":"05","blue2":"","sales":"380647944","poolmoney":"2518044933","content":"浙江2注，广东3注，云南1注，共6注。","addmoney":"","addmoney2":"","msg":"","z2add":"","m2add":"","prizegrades":[{"type":1,"typenum":"6","typemoney":"8447936"},{"type":2,"typenum":"107","typemoney":"241677"},{"type":3,"typenum":"943","typemoney":"3000"},{"type":4,"typenum":"55057","typemoney":"200"},{"type":5,"typenum":"1173320","typemoney":"10"},{"type":6,"typenum":"11501160","typemoney":"5"},{"type":7,"typenum":"","typemoney":""}]},{"name":"双色球","code":"2025078","detailsLink":"/c/2025/07/10/621666.shtml","videoLink":"/c/2025/07/10/621670.shtml","date":"2025-07-10(四)","week":"四","red":"06,15,17,30,32,33","blue":"14","blue2":"","sales":"350559496","poolmoney":"2491153983","content":"共0注。","addmoney":"","addmoney2":"","msg":"","z2add":"","m2add":"","prizegrades":[{"type":1,"typenum":"0","typemoney":"0"},{"type":2,"typenum":"111","typemoney":"237198"},{"type":3,"typenum":"883","typemoney":"3000"},{"type":4,"typenum":"54915","typemoney":"200"},{"type":5,"typenum":"1046565","typemoney":"10"},{"type":6,"typenum":"8472114","typemoney":"5"},{"type":7,"typenum":"","typemoney":""}]},{"name":"双色球","code":"2025077","detailsLink":"/c/2025/07/08/621452.shtml","videoLink":"/c/2025/07/08/621457.shtml","date":"2025-07-08(二)","week":"二","red":"04,07,08,15,20,21","blue":"15","blue2":"","sales":"354913968","poolmoney":"2412167034","content":"河北2注，内蒙古1注，安徽2注，湖南2注，广西1注，四川1注，共9注。","addmoney":"","addmoney2":"","msg":"","z2add":"","m2add":"","prizegrades":[{"type":1,"typenum":"9","typemoney":"7448353"},{"type":2,"typenum":"153","typemoney":"180025"},{"type":3,"typenum":"1384","typemoney":"3000"},{"type":4,"typenum":"66249","typemoney":"200"},{"type":5,"typenum":"1300197","typemoney":"10"},{"type":6,"typenum":"6665636","typemoney":"5"},{"type":7,"typenum":"","typemoney":""}]},{"name":"双色球","code":"2025076","detailsLink":"/c/2025/07/06/620738.shtml","videoLink":"/c/2025/07/06/620740.shtml","date":"2025-07-06(日)","week":"日","red":"02,06,09,12,14,30","blue":"08","blue2":"","sales":"380376886","poolmoney":"2396570293","content":"广东1注，云南3注，共4注。","addmoney":"","addmoney2":"","msg":"","z2add":"","m2add":"","prizegrades":[{"type":1,"typenum":"4","typemoney":"7403293"},{"type":2,"typenum":"189","typemoney":"63579"},{"type":3,"typenum":"2004","typemoney":"3000"},{"type":4,"typenum":"104084","typemoney":"200"},{"type":5,"typenum":"1799565","typemoney":"10"},{"type":6,"typenum":"18698870","typemoney":"5"},{"type":7,"typenum":"","typemoney":""}]},{"name":"双色球","code":"2025075","detailsLink":"/c/2025/07/03/620519.shtml","videoLink":"/c/2025/07/03/620521.shtml","date":"2025-07-03(四)","week":"四","red":"10,12,14,19,20,21","blue":"15","blue2":"","sales":"356433094","poolmoney":"2390134063","content":"辽宁1注，江苏2注，江西1注，河南1注，湖北1注，湖南2注，广东3注，四川1注，共12注。","addmoney":"","addmoney2":"","msg":"","z2add":"","m2add":"","prizegrades":[{"type":1,"typenum":"12","typemoney":"6293619"},{"type":2,"typenum":"175","typemoney":"110881"},{"type":3,"typenum":"1792","typemoney":"3000"},{"type":4,"typenum":"88849","typemoney":"200"},{"type":5,"typenum":"1480052","typemoney":"10"},{"type":6,"typenum":"11817741","typemoney":"5"},{"type":7,"typenum":"","typemoney":""}]},{"name":"双色球","code":"2025074","detailsLink":"/c/2025/07/01/620305.shtml","videoLink":"/c/2025/07/01/620309.shtml","date":"2025-07-01(二)","week":"二","red":"03,04,12,20,32,33","blue":"13","blue2":"","sales":"357617458","poolmoney":"2407444608","content":"北京1注，山西1注，内蒙古1注，浙江1注，山东1注，共5注。","addmoney":"","addmoney2":"","msg":"","z2add":"","m2add":"","prizegrades":[{"type":1,"typenum":"5","typemoney":"9211242"},{"type":2,"typenum":"78","typemoney":"337439"},{"type":3,"typenum":"1220","typemoney":"3000"},{"type":4,"typenum":"62814","typemoney":"200"},{"type":5,"typenum":"1145553","typemoney":"10"},{"type":6,"typenum":"8454630","typemoney":"5"},{"type":7,"typenum":"","typemoney":""}]},{"name":"双色球","code":"2025073","detailsLink":"/c/2025/06/29/619991.shtml","videoLink":"/c/2025/06/29/619995.shtml","date":"2025-06-29(日)","week":"日","red":"02,07,10,27,30,33","blue":"11","blue2":"","sales":"388648778","poolmoney":"2374540018","content":"辽宁1注，上海3注，江苏1注，安徽1注，江西2注，重庆2注，广东3注，广西1注，四川3注，云南2注，共19注。","addmoney":"","addmoney2":"","msg":"","z2add":"","m2add":"","prizegrades":[{"type":1,"typenum":"19","typemoney":"5914846"},{"type":2,"typenum":"164","typemoney":"132485"},{"type":3,"typenum":"2984","typemoney":"3000"},{"type":4,"typenum":"105599","typemoney":"200"},{"type":5,"typenum":"1627484","typemoney":"10"},{"type":6,"typenum":"11436168","typemoney":"5"},{"type":7,"typenum":"","typemoney":""}]},{"name":"双色球","code":"2025072","detailsLink":"/c/2025/06/26/619772.shtml","videoLink":"/c/2025/06/26/619774.shtml","date":"2025-06-26(四)","week":"四","red":"02,14,17,25,27,29","blue":"05","blue2":"","sales":"359396990","poolmoney":"2421739287","content":"河北1注，山东1注，湖南5注，深圳1注，共8注。","addmoney":"","addmoney2":"","msg":"","z2add":"","m2add":"","prizegrades":[{"type":1,"typenum":"8","typemoney":"7489467"},{"type":2,"typenum":"121","typemoney":"205741"},{"type":3,"typenum":"1247","typemoney":"3000"},{"type":4,"typenum":"63197","typemoney":"200"},{"type":5,"typenum":"1229062","typemoney":"10"},{"type":6,"typenum":"9570965","typemoney":"5"},{"type":7,"typenum":"","typemoney":""}]},{"name":"双色球","code":"2025071","detailsLink":"/c/2025/06/24/619258.shtml","videoLink":"/c/2025/06/24/619260.shtml","date":"2025-06-24(二)","week":"二","red":"01,12,18,23,25,28","blue":"07","blue2":"","sales":"357410052","poolmoney":"2406971013","content":"河北1注，浙江1注，广东1注，共3注。","addmoney":"","addmoney2":"","msg":"","z2add":"","m2add":"","prizegrades":[{"type":1,"typenum":"3","typemoney":"10000000"},{"type":2,"typenum":"110","typemoney":"196923"},{"type":3,"typenum":"1495","typemoney":"3000"},{"type":4,"typenum":"80907","typemoney":"200"},{"type":5,"typenum":"1362609","typemoney":"10"},{"type":6,"typenum":"10838449","typemoney":"5"},{"type":7,"typenum":"","typemoney":""}]},{"name":"双色球","code":"2025070","detailsLink":"/c/2025/06/22/619044.shtml","videoLink":"/c/2025/06/22/619046.shtml","date":"2025-06-22(日)","week":"日","red":"02,03,15,21,22,33","blue":"06","blue2":"","sales":"388014508","poolmoney":"2371986371","content":"内蒙古1注，广东2注，广西1注，深圳1注，共5注。","addmoney":"","addmoney2":"","msg":"","z2add":"","m2add":"","prizegrades":[{"type":1,"typenum":"5","typemoney":"8940684"},{"type":2,"typenum":"219","typemoney":"112462"},{"type":3,"typenum":"1494","typemoney":"3000"},{"type":4,"typenum":"73717","typemoney":"200"},{"type":5,"typenum":"1378279","typemoney":"10"},{"type":6,"typenum":"11720359","typemoney":"5"},{"type":7,"typenum":"","typemoney":""}]},{"name":"双色球","code":"2025069","detailsLink":"/c/2025/06/19/618925.shtml","videoLink":"/c/2025/06/19/618929.shtml","date":"2025-06-19(四)","week":"四","red":"02,04,19,23,27,30","blue":"05","blue2":"","sales":"367456356","poolmoney":"2342801953","content":"内蒙古1注，广东1注，深圳1注，共3注。","addmoney":"","addmoney2":"","msg":"","z2add":"","m2add":"","prizegrades":[{"type":1,"typenum":"3","typemoney":"10000000"},{"type":2,"typenum":"93","typemoney":"293223"},{"type":3,"typenum":"1056","typemoney":"3000"},{"type":4,"typenum":"60452","typemoney":"200"},{"type":5,"typenum":"1261956","typemoney":"10"},{"type":6,"typenum":"8619291","typemoney":"5"},{"type":7,"typenum":"","typemoney":""}]},{"name":"双色球","code":"2025068","detailsLink":"/c/2025/06/17/618611.shtml","videoLink":"/c/2025/06/17/618614.shtml","date":"2025-06-17(二)","week":"二","red":"05,07,08,19,20,31","blue":"07","blue2":"","sales":"356576372","poolmoney":"2290992555","content":"河北2注，辽宁1注，江苏1注，浙江3注，福建1注，山东5注，河南2注，广东5注，四川1注，贵州2注，陕西1注，共24注。","addmoney":"","addmoney2":"","msg":"","z2add":"","m2add":"","prizegrades":[{"type":1,"typenum":"24","typemoney":"5500308"},{"type":2,"typenum":"291","typemoney":"51578"},{"type":3,"typenum":"3200","typemoney":"3000"},{"type":4,"typenum":"133212","typemoney":"200"},{"type":5,"typenum":"1959148","typemoney":"10"},{"type":6,"typenum":"11770306","typemoney":"5"},{"type":7,"typenum":"","typemoney":""}]},{"name":"双色球","code":"2025067","detailsLink":"/c/2025/06/15/618297.shtml","videoLink":"/c/2025/06/15/618300.shtml","date":"2025-06-15(日)","week":"日","red":"01,05,10,17,20,22","blue":"05","blue2":"","sales":"389127714","poolmoney":"2377972199","content":"山西1注，吉林4注，浙江2注，安徽1注，湖北1注，湖南1注，广东2注，宁夏1注，共13注。","addmoney":"","addmoney2":"","msg":"","z2add":"","m2add":"","prizegrades":[{"type":1,"typenum":"13","typemoney":"6200625"},{"type":2,"typenum":"157","typemoney":"124268"},{"type":3,"typenum":"2103","typemoney":"3000"},{"type":4,"typenum":"96403","typemoney":"200"},{"type":5,"typenum":"1671213","typemoney":"10"},{"type":6,"typenum":"14066033","typemoney":"5"},{"type":7,"typenum":"","typemoney":""}]},{"name":"双色球","code":"2025066","detailsLink":"/c/2025/06/12/618078.shtml","videoLink":"/c/2025/06/12/618081.shtml","date":"2025-06-12(四)","week":"四","red":"06,22,24,27,28,30","blue":"04","blue2":"","sales":"366359214","poolmoney":"2400049823","content":"山西2注，上海2注，重庆1注，河南1注，广东3注，深圳1注，共10注。","addmoney":"","addmoney2":"","msg":"","z2add":"","m2add":"","prizegrades":[{"type":1,"typenum":"10","typemoney":"6441022"},{"type":2,"typenum":"94","typemoney":"191625"},{"type":3,"typenum":"1288","typemoney":"3000"},{"type":4,"typenum":"74034","typemoney":"200"},{"type":5,"typenum":"1432789","typemoney":"10"},{"type":6,"typenum":"14893240","typemoney":"5"},{"type":7,"typenum":"","typemoney":""}]},{"name":"双色球","code":"2025065","detailsLink":"/c/2025/06/10/617864.shtml","videoLink":"/c/2025/06/10/617866.shtml","date":"2025-06-10(二)","week":"二","red":"06,10,13,14,15,20","blue":"11","blue2":"","sales":"357848508","poolmoney":"2410421705","content":"江苏2注，广东1注，陕西1注，共4注。","addmoney":"","addmoney2":"","msg":"","z2add":"","m2add":"","prizegrades":[{"type":1,"typenum":"4","typemoney":"8851267"},{"type":2,"typenum":"106","typemoney":"181663"},{"type":3,"typenum":"1337","typemoney":"3000"},{"type":4,"typenum":"75636","typemoney":"200"},{"type":5,"typenum":"1402861","typemoney":"10"},{"type":6,"typenum":"13030723","typemoney":"5"},{"type":7,"typenum":"","typemoney":""}]},{"name":"双色球","code":"2025064","detailsLink":"/c/2025/06/08/617450.shtml","videoLink":"/c/2025/06/08/617452.shtml","date":"2025-06-08(日)","week":"日","red":"02,10,13,22,29,33","blue":"16","blue2":"","sales":"389225746","poolmoney":"2388057766","content":"江苏1注，浙江2注，安徽1注，福建1注，江西4注，四川1注，共10注。","addmoney":"","addmoney2":"","msg":"","z2add":"","m2add":"","prizegrades":[{"type":1,"typenum":"10","typemoney":"7204019"},{"type":2,"typenum":"133","typemoney":"207144"},{"type":3,"typenum":"1972","typemoney":"3000"},{"type":4,"typenum":"78562","typemoney":"200"},{"type":5,"typenum":"1336684","typemoney":"10"},{"type":6,"typenum":"9104885","typemoney":"5"},{"type":7,"typenum":"","typemoney":""}]},{"name":"双色球","code":"2025063","detailsLink":"/c/2025/06/05/617331.shtml","videoLink":"/c/2025/06/05/617335.shtml","date":"2025-06-05(四)","week":"四","red":"02,19,21,22,28,30","blue":"01","blue2":"","sales":"366105242","poolmoney":"2377447244","content":"福建1注，湖北10注，云南1注，共12注。","addmoney":"","addmoney2":"","msg":"","z2add":"","m2add":"","prizegrades":[{"type":1,"typenum":"12","typemoney":"7110664"},{"type":2,"typenum":"77","typemoney":"411168"},{"type":3,"typenum":"617","typemoney":"3000"},{"type":4,"typenum":"45795","typemoney":"200"},{"type":5,"typenum":"1009501","typemoney":"10"},{"type":6,"typenum":"6329337","typemoney":"5"},{"type":7,"typenum":"","typemoney":""}]}]}
